4067 5950
690 795 770 841 vrnn
792 793 832 840 nn
856 791 1025 840 ornamus.
1419 776 1472 835 *99

245 968 449 1044 provolvitur
482 969 516 1029 in
549 966 670 1029 lectulo
704 967 924 1028 lucubratorio
962 967 1148 1042 porrectus,
1190 962 1284 1023 libris
1319 962 1475 1035 varioque

247 1086 404 1157 apparatu
427 1083 582 1158 stipatus.

747 1211 970 1258 oronnoeorrs.

449 1310 658 1386 „Euripidesl

765 1439 950 1486 numerous.

639 1529 644 1538 ’
692 1535 782 1612 Quae
807 1553 874 1598 vox
897 1537 939 1598 ad
962 1539 1087 1598 aures?

746 1704 971 1751 oronnoronrs.
1127 1748 1131 1768 ‚

1104 1803 1222 1863 Editus

450 1918 594 1996 „Versus
616 1918 699 1980 faeie
721 1918 916 1994 spumisque
939 1918 1090 1978 terram?
1104 1962 1111 1978 .
1125 1961 1155 1978 ..
1179 1915 1375 1976 Olaudiennt

448 2033 630 2109 „Homines
653 2033 717 2108 tui,
733 2065 772 2076 -
786 2047 853 2094 non
877 2033 988 2093 miror.
1012 2032 1058 2092 At
1081 2046 1138 2101 our
1161 2031 1224 2090 hos
1248 2028 1353 2090 habes

449 2149 600 2223 „Pannos
623 2146 799 2208 misellos?
821 2146 894 2207 Iam
917 2146 1005 2206 seio:
1030 2145 1202 2220 tragoedia

451 2261 752 2338 „Paupereulorum
777 2262 829 2321 est
851 2260 927 2320 ista.
951 2260 997 2320 At
1019 2273 1053 2335 o„
1077 2258 1218 2335 supplex
1241 2272 1365 2332 precor,

450 2377 639 2451 „Lacinium
663 2375 706 2436 da
728 2373 891 2435 dramatis
915 2372 1039 2434 veteris
1062 2373 1163 2433 mihi:

451 2488 633 2565 „Habenda
654 2488 754 2563 longa
776 2487 916 2548 oratiost
938 2485 1024 2547 mini
1047 2486 1089 2547 ad
1113 2487 1266 2561 chorum„

451 2603 573 2680 „Quae,
598 2603 632 2663 ni
654 2602 828 2679 placuerit,
855 2601 984 2661 exitum
1009 2600 1092 2661 milri
1116 2599 1209 2661 feret.

767 2766 952 2813 numerous.

452 2867 561 2943 „Quae
583 2866 731 2928 vellera?
753 2867 806 2926 An
829 2866 938 2926 tectus
961 2864 1083 2938 quibus
1105 2864 1270 2938 quondam
1295 2865 1399 2924 miser

451 2983 602 3058 „Oeneus
624 2981 696 3043 suis
719 2981 774 3041 hie
797 2979 948 3055 partibus
970 2979 1106 3040 functus
1130 2981 1259 3039 senex?

751 3132 975 3179 oronnoeonrs.

453 3234 544 3310 „Non
568 3232 682 3308 Oenei,
707 3232 893 3307 cuiuspiam
917 3234 952 3292 at
975 3231 1031 3305 qui
1056 3230 1220 3293 miserior.

769 3385 953 3431 numerous.

453 3485 649 3563 „Phoenicis
669 3500 747 3560 ergo
771 3485 878 3546 oeulis
901 3484 1071 3545 carentis?

753 3639 978 3685 oronnoeonrs.

1087 3738 1184 3798 Haud
1207 3738 1271 3799 fuit

454 3852 639 3929 „Phoenix;
664 3866 760 3913 meus
783 3851 834 3912 vir
856 3852 964 3913 multo
984 3854 1057 3912 erat
1079 3852 1295 3913 lacrimosior.

771 4007 957 4053 noaffrnns.

454 4106 565 4182 „Quae
587 4105 697 4167 lacera
718 4105 853 4166 tandem
877 4104 983 4166 vestis
1005 4106 1085 4165 huie
1107 4092 1231 4180 petitur'
1252 4106 1348 4165 seni?

454 4220 631 4295 „Fortasse
655 4217 799 4279 mendici
821 4217 1026 4278 Philoctetae
1050 4218 1166 4293 eupit?

753 4370 979 4417 oronnoronrs.

456 4470 628 4545 „Minimet
653 4469 717 4530 fuit
738 4469 846 4531 multo
869 4485 967 4531 meus
989 4470 1183 4531 mendieior.

775 4622 961 4672 resumas.

457 4722 631 4797 „Fortasse
654 4721 761 4782 flebile
784 4722 895 4797 posois
917 4722 998 4783 illud
1022 4722 1176 4798 pallium„

457 4835 548 4912 „Quo
570 4834 844 4911 Bellerophontes
867 4837 1007 4898 claudus
1031 4836 1168 4897 indutus
1191 4834 1279 4896 fuiti
