4067 5950
555 794 620 854 316
963 878 970 887 ⁶
996 810 1039 855 nn
1061 810 1171 857 nunno
1193 810 1348 857 cannino.

553 978 643 1060 μαλ’
684 982 874 1047 ἐπένευσε.
916 988 1005 1064 Quae
1049 989 1270 1050 incantationi
1309 990 1460 1065 magicae
1493 988 1655 1049 similiora
1685 1002 1771 1062 quam

554 1098 665 1157 versui
699 1098 739 1159 ab
770 1101 997 1178 Aristophane
1024 1102 1245 1178 grammatico
1272 1136 1313 1147 -
1342 1105 1395 1165 cui
1421 1103 1617 1165 tribuuntur
1637 1103 1714 1162 ista!
1738 1134 1771 1143 —

552 1212 747 1288 composito.

598 1325 626 1386 R
668 1327 745 1401 LyS.
780 1329 935 1404 hypoih.:
970 1327 1023 1402 τὰς
1058 1324 1113 1406 μὲν
1148 1326 1348 1402 ε’ξωπλους
1384 1326 1577 1407 ε’μπριλὰς
1613 1334 1773 1389 καταλει-

552 1448 683 1500 ποῦσα
713 1436 818 1501 ὀπίσω.
848 1442 914 1503 Ubi
943 1458 1060 1504 verum
1086 1443 1216 1505 videtur
1239 1440 1291 1515 τὰς
1318 1439 1374 1520 μὲν
1401 1442 1552 1515 ἔξωθεν
1583 1444 1774 1523 παρούσας
1847 1497 1848 1516 ς

554 1549 730 1632 ὁμήρους
760 1554 871 1629 τινὰς
901 1557 1206 1630 καταλιπούσας
1238 1554 1467 1636 ἀποπέμπει
1500 1553 1606 1618 ὀπίσω.
1847 1544 1848 1553 ¹

597 1667 707 1729 Etiam
738 1670 836 1746 Vesp.
871 1672 956 1733 1085
988 1671 1055 1733 huo
1085 1670 1179 1749 iacit,
1212 1671 1268 1732 ubi
1298 1671 1330 1731 οἱ
1357 1670 1620 1749 μαραθωνομάχοι
1642 1672 1775 1746 priscam

552 1780 646 1842 illam
670 1783 847 1845 victoriam
870 1785 924 1845 his
949 1785 1060 1846 verbis
1085 1784 1266 1862 celebrant,
1290 1787 1321 1846 si
1344 1786 1448 1846 codici
1472 1785 1501 1845 R
1524 1785 1707 1846 credimus:

732 1891 791 1957 ἀλλ’
819 1896 900 1975 ὅμως
923 1894 1216 1976 έπαυσοὲμεσθα
1240 1898 1296 1971 ξὺν
1319 1903 1406 1970 θεοῖς
1430 1897 1505 1978 πρὸς
1528 1896 1663 1977 ἑσπέρας.

553 2010 768 2073 Praeclarum
791 2028 873 2074 sane
895 2013 1040 2091 facinus,
1067 2016 1101 2074 eb
1120 2015 1260 2089 dignum
1280 2014 1366 2087 quod
1385 2015 1561 2090 poetarum
1581 2012 1778 2089 scriptorum·
1848 2034 1849 2081 3

553 2139 615 2199 que
645 2126 800 2187 laudibus
830 2127 864 2187 in
895 2127 1026 2188 caelum
1055 2128 1289 2189 extolleretur!
1315 2126 1397 2203 Quid
1421 2126 1473 2187 V?
1496 2126 1605 2188 Etiam
1628 2126 1778 2187 insulsius
1848 2118 1849 2129 ’

554 2239 646 2316 quid,
671 2239 749 2300 licei
773 2242 864 2303 recte
888 2241 1051 2316 scriptum
1077 2240 1235 2316 praebeat
1257 2238 1333 2319 πρὸς
1358 2237 1560 2319 deiculum:

731 2347 792 2413 ἀλλ’
818 2352 899 2430 ὅμως
923 2351 1177 2430 ἑσωζόμεσθα
1201 2353 1258 2427 ξὺν
1282 2358 1368 2426 θεοῖς
1391 2352 1466 2432 πρὸς
1490 2349 1628 2431 ἑσπέραν.

553 2466 591 2525 In
618 2438 845 2529 'deterioribus
875 2470 928 2528 est
957 2464 1174 2545 ἀπεωσάμεθα,
1204 2483 1269 2529 non
1293 2468 1394 2545 male,
1420 2470 1449 2529 si
1472 2469 1621 2530 sinerent
1643 2467 1781 2540 numeri;

554 2581 685 2643 sincera
708 2584 850 2658 denique
872 2582 972 2644 lectio
996 2586 1092 2645 extat
1114 2584 1148 2645 in
1172 2583 1297 2645 Anecd.
1323 2584 1447 2646 Oxou:

733 2690 794 2757 ἀλλ’
822 2694 902 2774 ὅμως
927 2694 1164 2774 ἐωσάμεσθα
1188 2696 1244 2768 ξὺν
1267 2701 1353 2769 θεοῖς
1378 2694 1453 2776 πρὸς
1477 2693 1616 2775 ἑσπέραν.

599 2926 711 3000 Neque
742 2928 892 2990 codicum
924 2927 953 2987 V
984 2929 1019 2989 ei
1049 2926 1078 2988 R
1110 2928 1331 3004 archetypum
1364 2942 1541 2989 commune
1564 2923 1783 2988 huiuscemodi

555 3040 650 3101 viliis
680 3042 847 3102 intactum
877 3042 983 3102 iuisse
1014 3043 1152 3116 apparet
1181 3058 1209 3102 e.
1234 3058 1264 3116 g.
1298 3037 1396 3117 Vesp.
1424 3041 1501 3118 668,
1526 3041 1583 3101 ubi
1606 3038 1783 3100 Philocleou

555 3158 617 3225 τοῖς
647 3153 805 3234 ῥηματίοις
836 3153 1096 3234 περιπεμφθελ
1103 3179 1117 3227 ς
1149 3171 1224 3216 reos
1247 3154 1420 3216 absolvere
1443 3155 1476 3215 in
1501 3155 1639 3228 utroque
1662 3153 1782 3213 dicitur.

555 3267 768 3341 exquisitum
801 3267 941 3329 verbum
966 3266 1151 3347 περιπέττειν
1175 3268 1321 3329 librariis
1344 3271 1477 3329 mature
1500 3267 1652 3329 fraudem
1675 3266 1783 3326 iecisse

556 3382 721 3442 videmus.
1850 3453 1851 3460 ρ

600 3496 693 3556 Idem
724 3498 871 3557 testatur
900 3495 988 3557 Plut.
1022 3497 1102 3572 325,
1134 3497 1191 3557 ubi
1214 3496 1242 3555 V
1266 3498 1300 3556 ei
1323 3496 1351 3556 R
1374 3496 1539 3556 rusticum
1563 3494 1696 3555 sodales
1717 3493 1782 3553 ideo
1850 3475 1851 3516 ³

557 3610 753 3672 laudantem
776 3611 906 3671 faciunt
929 3610 1017 3684 quod

780 3721 1073 3804 συντεταγμένας
1098 3721 1154 3783 κού
1179 3720 1462 3801 κατεβλακευμένως
1480 3717 1503 3793 1)

554 3840 716 3900 venerint.
752 3839 923 3900 Instructa
956 3836 1087 3900 scilicet
1122 3839 1217 3900 acie?
1248 3839 1359 3899 Immo
1392 3835 1678 3916 συντεταμένως,
1706 3835 1783 3912 quod

556 3955 609 4012 est
632 3953 666 4013 in
691 3953 803 4013 codice
826 3953 866 4013 A.
1307 3933 1309 3938 ¹

599 4066 660 4128 Vel
682 4067 766 4129 Nub.
791 4069 868 4144 409,
893 4068 948 4128 ubi
972 4067 1183 4144 strepsiades
1207 4069 1413 4144 perabsurde
1437 4073 1471 4131 et
1494 4069 1601 4130 invito
1623 4071 1738 4142 metro,
1761 4061 1785 4123 si

556 4182 723 4242 credimus
746 4182 915 4243 codicibus
938 4183 967 4242 V
990 4186 1026 4244 et
1048 4183 1093 4243 R:

579 4292 688 4354 ὤπτων
712 4291 836 4368 (ὀπτῶν)
860 4293 989 4374 γαστέρα
1009 4301 1072 4368 τοῖς
1097 4295 1275 4377 συγγενέσιν
1297 4291 1359 4381 κᾷτ’
1385 4296 1442 4357 οὐκ
1465 4294 1578 4374 έσγον
1600 4292 1757 4372 ἀμελήσας.

556 4408 681 4469 Verum
702 4411 755 4469 est
774 4406 912 4487 ἔσχον,
933 4411 1125 4488 incidebam,
1139 4412 1238 4485 idque
1249 4412 1403 4487 legerunt
1415 4411 1471 4485 qui
1483 4409 1646 4484 scripsere
1658 4407 1785 4469 scholia.

600 4522 662 4599 Qui
685 4538 776 4585 error
799 4525 983 4600 deprensus
1006 4525 1100 4586 utilis
1125 4529 1177 4587 est
1200 4527 1241 4586 ad
1265 4526 1411 4586 similem
1435 4539 1581 4585 errorem
1605 4537 1667 4585 suo
1688 4521 1783 4599 pretio

557 4638 804 4699 aestimandum
827 4638 905 4712 Lys.
931 4639 1008 4714 281,
1032 4638 1091 4699 ubi
1112 4639 1147 4699 in
1170 4638 1199 4698 R
1222 4641 1252 4698 Γ
1270 4641 1339 4700 est:

591 4881 611 4949 ¹)
631 4883 884 4949 καιαβεβλαιιευμὲνως
901 4885 929 4933 V.
