4067 5950
1047 777 1088 820 DE
1112 775 1237 821 POETA}

1116 1104 1173 1164 111.

570 1281 700 1356 Ingenii
719 1281 898 1357 primitiae,
920 1282 1041 1355 quibus
1060 1281 1302 1356 Aristophanes
1326 1279 1491 1353 Δαιταλὲας
1511 1282 1600 1342 dedit
1619 1297 1759 1356 nomen,

527 1394 741 1467 magistratui
771 1394 901 1454 oblatae
931 1395 1142 1469 placuerunt,
1173 1396 1306 1468 pectore
1337 1409 1495 1469 generoso
1522 1410 1605 1468 quae
1627 1395 1761 1456 fuderat

526 1507 657 1567 iuvenis
687 1508 814 1581 patriae
844 1507 1117 1583 amantissimus,
1149 1523 1248 1568 suum
1279 1508 1341 1568 sibi
1371 1508 1481 1569 locum
1503 1510 1702 1570 invenerunt
1722 1508 1759 1567 in

528 1620 641 1680 animo
673 1620 872 1696 logentium,
905 1625 938 1681 et
968 1636 1169 1696 magnopere
1199 1621 1234 1680 hi
1257 1621 1413 1682 delectati
1437 1625 1516 1683 sunt
1538 1622 1759 1698 oppositione,

528 1749 612 1807 quae
636 1737 706 1794 erat
729 1735 817 1794 iuter
840 1735 1067 1810 sophistarum
1092 1733 1267 1795 alumnum
1290 1736 1518 1811 impudentem
1544 1740 1577 1797 et
1595 1737 1758 1796 rusticum

529 1847 723 1923 honestum,
758 1863 856 1922 quem
891 1848 962 1908 vita
1001 1849 1145 1923 simplex
1183 1864 1298 1910 amore
1338 1851 1520 1925 priscorum
1561 1865 1690 1910 morum
1725 1851 1758 1908 et

527 1961 758 2020 institutorum
778 1961 907 2022 imbuit.
930 1962 1046 2035 Itaque
1067 1966 1199 2037 recepta
1219 1965 1272 2023 est
1289 1963 1417 2038 tabula,
1438 1978 1521 2037 quae
1538 1979 1613 2024 aum
1631 1963 1758 2022 duabus

530 2073 605 2132 aliis
636 2074 765 2149 publice
798 2079 954 2151 ageretur
985 2076 1073 2136 ludis
1103 2076 1280 2152 proximis,
1308 2078 1380 2137 sive
1405 2076 1569 2137 Liberalia
1592 2092 1631 2136 ea
1652 2077 1756 2150 fuere,

530 2187 618 2262 sive,
644 2189 730 2260 quod
750 2203 828 2248 vero
852 2189 1011 2264 similius,
1037 2189 1177 2249 Lenaea.
1197 2189 1297 2250 Venit
1320 2190 1390 2249 dies
1413 2189 1600 2264 sollemnis,
1625 2193 1757 2262 etopus

529 2303 647 2374 poetae
667 2300 856 2362 tiroeinium
877 2302 1033 2375 ponentis
1052 2302 1236 2375 seeundum
1256 2303 1441 2376 praemium
1460 2303 1550 2363 tulit.
1569 2302 1759 2362 Laudarunt

530 2416 735 2488 spectatores
767 2428 851 2486 quae
882 2415 1061 2475 laudarent
1090 2414 1189 2488 primi
1215 2415 1377 2489 legentes.
1401 2416 1540 2475 Laetum
1565 2415 1627 2476 hoo
1649 2415 1757 2474 famae

529 2527 685 2601 perennis
708 2527 843 2586 initium
866 2528 989 2587 meruit
1013 2527 1076 2587 viri
1098 2528 1361 2602 ingeniosissimi
1385 2530 1511 2603 primus
1535 2530 1686 2588 conatus.

577 2639 756 2699 Strenuum
781 2641 910 2700 socium
930 2641 1048 2700 statim
1073 2643 1282 2714 agnoverunt
1305 2642 1362 2716 qui
1384 2643 1493 2717 prisca
1516 2642 1657 2702 Athenis
1680 2640 1757 2701 obti-

531 2753 669 2828 nebant,
706 2756 739 2813 et
774 2754 926 2827 agnitum
961 2753 1092 2813 salvere
1127 2756 1312 2826 iusserunt,
1348 2755 1382 2814 in
1411 2771 1490 2814 suos
1521 2756 1653 2817 ordines
1684 2769 1756 2814 eum

530 2866 676 2941 recipere
712 2881 810 2938 quam
850 2867 999 2925 maxime
1034 2868 1217 2942 cupientes.
1252 2867 1323 2927 Non
1363 2870 1400 2927 ut
1437 2867 1509 2927 aevi
1544 2854 1758 2941 praeterlapsi

530 2980 645 3040 laudes
677 2981 810 3039 caneret
833 2979 965 3039 steriles
989 2981 1271 3053 magistrorumve
1295 2981 1478 3040 recentium
1502 2980 1644 3055 ineptias
1667 2980 1758 3040 easti-

530 3096 623 3167 garet
646 3096 716 3151 tam
741 3092 836 3152 ferax
859 3093 1031 3167 ingenium
1055 3108 1141 3153 novo
1165 3093 1241 3153 huic
1264 3096 1381 3168 poetae
1404 3109 1477 3155 esse
1501 3095 1633 3154 datum:
1657 3093 1758 3153 inten-

531 3206 621 3275 deret
653 3206 803 3265 animum
835 3206 867 3264 in
899 3220 938 3265 ea
968 3220 1053 3278 quae
1082 3206 1219 3266 maioris
1250 3205 1420 3279 aliquanto
1444 3210 1557 3269 essent
1580 3204 1758 3266 momenti!

532 3318 690 3378 Viventes
722 3318 934 3391 vigentesque
970 3320 1192 3395 adversarios,
1224 3334 1290 3379 non
1321 3317 1416 3379 flutas
1446 3320 1575 3392 aliquas
1610 3318 1758 3391 umbras,

530 3432 731 3491 adoriretur!
757 3430 829 3490 Non
854 3432 909 3491 diu
932 3433 989 3490 aut
1012 3432 1126 3505 procul
1149 3432 1354 3505 quaerendos
1378 3447 1453 3492 esse
1472 3432 1759 3513 quosinvaderet:

531 3544 703 3618 proximos
733 3544 767 3602 iu
797 3544 870 3618 ipsa
899 3544 1036 3604 civitate
1067 3546 1184 3606 adesse
1211 3546 1513 3620 perniciosissimos
1543 3545 1697 3605 homines
1728 3545 1760 3602 et

532 3656 649 3731 quovis
684 3656 758 3716 odio
793 3657 920 3730 dignos.
955 3657 1166 3719 Facetiarum
1200 3658 1268 3719 tela
1301 3659 1453 3719 aculeata
1487 3657 1694 3719 converteret
1726 3658 1759 3715 in

534 3771 658 3830 civium
678 3744 809 3844 partem
829 3770 1034 3846 popularem,
1056 3786 1139 3843 quae
1158 3772 1239 3831 duce
1260 3771 1440 3832 venerabili
1456 3776 1538 3832 ante
1558 3773 1641 3831 duos
1658 3785 1760 3831 annos

533 3882 649 3943 orbata
671 3882 803 3942 facilius
825 3884 892 3942 iam
917 3883 1005 3942 vinci
1029 3898 1126 3958 posse
1150 3884 1322 3944 videbatur
1346 3900 1444 3958 quam
1470 3887 1579 3944 antea.

577 3997 646 4057 Non
678 3997 767 4056 enim
797 3995 865 4055 iam
895 3996 982 4056 inter
1013 3997 1110 4057 vivos
1140 4000 1210 4057 erat
1241 3998 1395 4071 Pericles,
1421 3999 1572 4071 quirem
1596 3997 1759 4072 publicam

532 4113 671 4185 regeret.
704 4109 794 4184 Quod
818 4111 1049 4169 maturaverat
1075 4109 1213 4185 bellum,
1238 4110 1314 4183 quia
1337 4110 1476 4170 dilatum
1501 4111 1638 4185 gravius
1661 4111 1760 4170 etiarn

532 4224 642 4284 obfore
673 4224 970 4299 persuasissimum
999 4222 1156 4299 habebat,
1188 4224 1221 4282 id
1252 4224 1372 4298 eripuit
1396 4225 1425 4283 ei
1450 4224 1574 4284 civium
1597 4224 1759 4296 favorem,

530 4352 593 4411 quo
626 4353 690 4397 uno
721 4337 889 4397 nitebatur
916 4338 987 4397 eius
1014 4338 1175 4412 potestas.
1204 4336 1400 4411 Magistratu
1425 4339 1477 4397 est
1498 4336 1630 4412 pulsus:
1656 4336 1762 4396 multa

531 4451 560 4509 ei
593 4453 644 4511 est
676 4451 777 4526 diota,
809 4450 849 4511 ob
880 4444 1029 4511 rationes
1055 4453 1266 4525 acceptorum
1290 4452 1323 4510 et
1346 4465 1566 4525 expensorum
1591 4464 1655 4509 non
1680 4450 1763 4509 satis

531 4566 682 4641 accurate
718 4565 843 4625 seilicet
871 4565 1034 4624 redditas:
1069 4564 1153 4624 talia
1187 4565 1221 4623 in
1255 4564 1312 4623 illo
1343 4564 1426 4639 viro,
1462 4564 1516 4637 qui
1550 4578 1608 4638 per
1638 4563 1762 4622 multos

532 4693 637 4738 annos
667 4679 796 4738 civitati
827 4679 1030 4754 praefuerat,
1057 4680 1162 4739 animi
1185 4679 1308 4753 ingrati
1331 4679 1525 4738 testimonia
1547 4678 1643 4737 edere
1667 4677 1762 4736 susti-

531 4796 674 4852 nuerunt
692 4791 913 4852 Athenienses
933 4792 982 4850 ira
1002 4792 1143 4868 abrepti,
1165 4794 1198 4852 et
1214 4806 1292 4851 sene
1309 4792 1379 4851 tam
1391 4791 1609 4865 ignominiose
1620 4792 1763 4849 tractato
