4067 5950
659 804 701 848 nu
723 804 832 849 rrxuu
854 804 1007 850 ranoruo.
1383 792 1448 854 829

228 976 372 1037 Abundat
403 991 472 1037 una
502 974 634 1051 syllaba
665 975 727 1036 sub
751 972 867 1053 lineum
891 979 973 1038 sunt
996 977 1085 1039 enim
1110 980 1242 1041 numeri
1263 980 1387 1040 cretici.
1411 980 1449 1039 In

227 1091 396 1166 ncneiypo
420 1090 553 1152 videtur
575 1089 697 1150 misse:
907 1140 953 1178 w,
969 1133 1074 1195 mom,

528 1201 604 1281 ἥπερ
627 1201 706 1281 μάνη
729 1207 893 1282 προστατεῖ
910 1210 978 1279 τῆς
1001 1204 1162 1276 πυκνός.

265 1317 405 1377 Gravius
446 1316 501 1377 hic
543 1315 684 1377 morbus
726 1316 838 1377 affecit
875 1316 1011 1378 Thesm.
1051 1318 1148 1394 1031,
1183 1317 1239 1379 ubi
1272 1322 1451 1395 personata

227 1431 429 1492 Andromeda
452 1428 555 1491 verba
578 1445 679 1491 sensu
704 1430 868 1491 destituta
887 1429 1025 1505 clamat,
1047 1431 1078 1491 si
1097 1429 1180 1493 fides
1198 1432 1295 1492 unico
1315 1431 1451 1493 testiR:

663 1540 735 1628 ὁρᾷς
759 1542 796 1605 οά
821 1548 996 1623 χοροῖσιν·

573 1652 642 1720 otb’
668 1656 835 1737 ὑφηλὶκων
859 1657 1021 1719 νεανίδων.

572 1780 711 1851 ψῆφον
734 1770 862 1850 κημὸν
885 1766 1009 1850 ἕστηκ’
1036 1770 1141 1851 ἔχου-

575 1881 603 1945 σ’
629 1880 691 1946 dll'
717 1882 776 1946 κτὲ.

228 2001 325 2062 Aliter
355 2001 549 2062 dividantur
572 2000 607 2060 hi
631 2000 803 2077 versiculi,
828 2000 996 2061 scribatur
1018 1996 1133 2078 xopoio'
1160 2002 1260 2062 metri
1283 2016 1397 2076 causa,
1421 2002 1454 2061 el

229 2110 376 2191 ἐφηλίκων
408 2116 588 2175 contextus
619 2129 737 2176 causa:
769 2112 892 2188 aliquid
923 2115 973 2175 sio
998 2114 1221 2190 lucrabimur;
1245 2115 1303 2176 sod
1326 2116 1455 2175 restant

229 2225 384 2306 ἀδιανόητα
404 2228 523 2290 verba:
547 2236 658 2305 φηφον
680 2226 779 2306 κημὸν
797 2220 892 2305 ἕστηκ’
914 2225 1036 2306 ἔχοντα.
1056 2227 1151 2290 Viam
1174 2231 1246 2290 vert
1263 2228 1454 2289 inveniendi

228 2342 376 2403 indicavit
394 2341 583 2418 Hermann,
604 2341 738 2416 scripsit
759 2341 849 2403 enim
868 2340 1012 2418 ψήφων,
1034 2342 1109 2403 dein
1130 2342 1328 2403 vocabulum
1343 2357 1451 2402 omen·

230 2457 334 2516 datum
365 2455 504 2536 abiecit,
536 2457 652 2532 utpote
679 2454 1018 2530 interpretamentum
1044 2456 1138 2517 vocis
1164 2456 1274 2533 κημόν.
1305 2456 1367 2531 Ita,
1396 2455 1453 2516 sed

231 2569 369 2629 vocabuli
388 2569 514 2644 vitiati,
535 2583 600 2629 non
621 2569 745 2643 integri
764 2570 836 2629 erat
855 2569 1202 2644 interpretamentum.
1222 2569 1308 2630 Nam
1329 2566 1453 2646 ,κημὸν

230 2679 318 2758 ἔχειν’
349 2697 391 2743 ne
420 2682 642 2743 heliastarum
672 2682 807 2756 quidem
838 2683 904 2757 est,
936 2682 993 2756 qui
1023 2698 1143 2743 urnam
1174 2682 1364 2743 iudicialem
1387 2697 1453 2742 non

230 2799 331 2872 lencm,
356 2797 415 2858 sed
439 2797 470 2858 ei
493 2798 621 2858 adstant
644 2798 720 2857 cum
744 2796 948 2857 sententiam
973 2797 1103 2870 ierunt;
1127 2794 1205 2856 licta
1227 2798 1339 2856 autem
1361 2795 1453 2869 virgo

233 2911 381 2972 eiusmodi
404 2912 482 2987 quid
506 2911 546 2972 do
570 2926 607 2972 se
630 2910 822 2988 praedicare
846 2912 982 2972 omnino
1006 2926 1072 2971 non
1095 2911 1213 2986 potuit.
1238 2908 1408 2972 Scribatur

620 3033 752 3102 κῶμον
775 3019 870 3102 ἕστηκ’
897 3019 1045 3104 άγουσ’.

234 3140 293 3200 Non
315 3141 431 3201 choreis
453 3140 575 3201 ἱατσοοοα
593 3141 779 3215 puellarum
803 3139 936 3200 coctione
957 3144 1025 3200 iam
1051 3139 1221 3216 intersum,
1244 3141 1298 3201 aed
1320 3141 1386 3200 oola
1404 3140 1454 3201 bie

233 3258 349 3314 mortem
372 3254 525 3329 opperior.
550 3252 633 3314 Cum
654 3255 686 3310 St
705 3256 739 3313 et
757 3255 789 3310 Η
808 3252 942 3314 litterae
961 3267 1061 3327 saepe
1081 3256 1316 3328 permutantur
1333 3251 1365 3330 ¹),
1380 3258 1453 3315 tum

234 3364 304 3445 ἄγειν
325 3371 359 3428 et
382 3365 468 3445 ἔχειν.

271 3482 378 3541 Simile
402 3481 479 3554 quid
503 3481 632 3541 obtinet
654 3480 711 3554 Eq.
737 3482 813 3554 707,
838 3478 894 3541 ubi
918 3480 1069 3541 codicum
1093 3480 1190 3541 lectio

575 3589 625 3652 ἐπὶ
646 3603 686 3676 τῷ
719 3593 865 3672 φάγοις
897 3588 1026 3671 ἥδιστ’
1055 3590 1109 3666 άν;

236 3723 323 3768 sensu
345 3712 444 3769 earet.
470 3708 557 3769 Olim
578 3707 658 3768 fuit:
695 3754 778 3811 W„

554 3819 602 3880 tal
626 3830 665 3904 rol
689 3814 845 3898 μάλισθ’
878 3816 1008 3899 ἥδοιτ’
1036 3815 1139 3894 diust).

273 3935 375 4008 Neque
397 3937 512 3996 minus
535 3938 688 4010 apertum
713 3937 766 3995 ost
788 3935 909 3995 vitium
933 3935 1053 3995 vitiive
1075 3936 1167 4010 origo
1190 3936 1278 3997 Plut.
1303 3937 1378 4012 885,
1398 3937 1453 3996 ubi

239 4046 269 4106 de
289 4049 380 4110 anulo
404 4050 536 4124 magico
560 4051 674 4110 iocans
697 4048 792 4109 Cario
816 4048 865 4108 ita
888 4049 1034 4122 loquitur
1057 4049 1091 4109 in
1115 4050 1300 4111 codicibus:

486 4155 545 4221 ἀλλ’
572 4160 630 4223 οὐκ
653 4159 749 4221 ἔνεστι
774 4160 972 4237 συκοφάντου
996 4160 1206 4242 δήγματος.

240 4270 311 4333 Olim
331 4274 409 4336 ruit:

487 4381 548 4447 ἀλλ’
573 4385 630 4448 οὖν
654 4385 750 4447 ἴνεστι
774 4386 972 4462 συκοφάντου
997 4387 1224 4468 φάρμακον,

174 4576 175 4581 ¹
241 4502 344 4561 erroris
376 4503 491 4563 autem
526 4516 627 4563 causa
655 4501 722 4562 fuit
755 4499 918 4578 κακοζηλία
948 4502 1155 4578 interpretis,
1187 4504 1243 4576 qui
1272 4519 1393 4578 pueros
1416 4513 1454 4565 ut

267 4786 335 4840 ¹0ss
403 4830 410 4842 .
481 4828 488 4841 .

267 4790 287 4930 ’))
301 4808 400 4922 aaliz}
416 4795 521 4923 άάάοοτ
538 4875 568 4921 8·
583 4886 704 4935 persona,
721 4887 774 4921 non
789 4876 878 4922 tamen
895 4874 1006 4922 molesta
1024 4874 1093 4920 foret
1109 4874 1237 4923 seonnda:
1258 4877 1321 4938 ἦσαν(
1335 4876 1353 4936 ).
