4067 5950
586 762 651 823 822
1027 780 1069 825 nr
1093 780 1202 825 raxnu
1224 780 1378 825 rsrnrro.

584 950 731 1013 Verbum
760 960 861 1031 χωρῶ,
886 966 952 1027 quo
975 954 1067 1013 caret
1090 952 1128 1028 V,
1153 954 1206 1014 est
1228 953 1321 1014 vocis
1343 960 1437 1012 ταῦτα
1460 953 1786 1029 interpretamentum

583 1110 658 1170 erat
681 1109 782 1184 igitur
806 1109 904 1170 olim:
927 1046 1007 1168 'vescet‘
1037 1099 1061 1168 ὦ
1084 1104 1224 1168 δέσποτα.

628 1222 667 1283 In
690 1223 758 1283 VR
781 1223 904 1284 ceteris
926 1223 1095 1285 codicibus
1118 1224 1283 1286 eiusmodi
1307 1239 1398 1285 error
1422 1224 1548 1285 obtinet
1573 1225 1635 1284 Av.
1658 1224 1730 1285 388:

874 1334 925 1395 παλ
948 1335 982 1396 τὸ
1007 1336 1083 1416 δόρυ
1106 1335 1162 1417 χρὴ
1188 1336 1266 1410 [τὸν
1298 1334 1523 1414 ὀβελίσκον]

872 1454 1047 1529 περιπατεῖν
1070 1449 1192 1529 ἔχοντας
1215 1446 1303 1528 ἡμᾶς.

627 1561 715 1623 Item
739 1563 801 1624 Au.
826 1564 909 1625 523:

694 1674 788 1747 οὕτως
808 1674 887 1754 ὑμᾶς
910 1677 1020 1748 πάντες
1043 1676 1190 1758 πρότερον
1213 1679 1361 1758 μεγάλους
1385 1674 1491 1758 ἁγίους
1514 1672 1534 1738 τ’
1562 1675 1706 1757 ἐνόμιζον,

805 1797 864 1850 νῦν
888 1784 915 1850 δ’
943 1788 1189 1869 ἀνδράποδα.
1213 1789 1416 1870 ἠλιθίους.
1438 1800 1546 1870 μανᾶς.

580 1903 646 1964 Ubi
687 1903 807 1964 vitium
850 1918 926 1965 cum
965 1921 1086 1967 versus
1120 1907 1350 1983 antistrophus
1385 1907 1510 1983 arguit,
1546 1909 1621 1968 tum
1655 1905 1788 1966 diaeresis

580 2020 656 2091 post
689 2017 833 2094 primam
863 2017 1029 2093 dipodiam
1060 2019 1229 2094 neglecta;
1260 2035 1379 2080 verum
1410 2020 1559 2081 restituit
1590 2020 1719 2081 criticus
1745 2017 1788 2091 qui

579 2132 732 2206 scripsit:

1004 2229 1063 2282 νῦν
1087 2216 1115 2282 δ’
1145 2235 1170 2286 <
1182 2213 1267 2287 ord>
1294 2232 1401 2300 μανᾶς.

779 2333 927 2396 ἀνδράποδα.
945 2335 1054 2392 ἠλιθίους

579 2403 666 2463 Olim
689 2402 755 2463 fuit
778 2411 886 2479 μανᾶς.

622 2517 767 2591 Originis
801 2517 982 2591 vestigium
1019 2520 1133 2578 servat
1170 2518 1365 2579 etiamnunc
1397 2514 1578 2593 ἀνδράποδα
1612 2514 1788 2577 vocabulum

576 2633 671 2708 plene
694 2632 926 2709 perscriptum.

621 2748 705 2807 Rau.
729 2749 795 2808 437
820 2748 854 2808 in
879 2748 907 2807 Β
931 2749 1000 2808 est:

845 2859 927 2939 αἴροι
950 2857 989 2918 ἂν
1013 2850 1108 2930 αὖθις
1132 2851 1155 2918 ὦ
1179 2863 1239 2918 παῖ
1259 2863 1313 2932 [ια
1337 2858 1565 2938 στρώματα1.

574 2974 724 3035 Dubiane
748 2991 802 3036 res
821 2975 977 3036 videtur?
996 2974 1069 3035 Non
1090 2974 1222 3048 opinor;
1242 2974 1464 3050 inspiciamus
1483 2976 1598 3035 tamen
1611 2974 1746 3035 codicem
1758 2968 1788 3028 V.
1832 2943 1837 3030 Ϊ

574 3088 639 3148 Ubi
662 3089 711 3148 ita
734 3089 816 3149 haec
839 3091 919 3149 sunt
941 3089 1098 3148 exarata:
1841 3073 1842 3080 '

776 3196 862 3281 αἴροι’
890 3198 928 3260 dev
952 3192 1046 3272 αὖθις
1071 3193 1094 3260 ὦ
1117 3206 1188 3261 παῖε
1325 3199 1361 3260 τὰ
1384 3167 1461 3281 στρμοζ
1486 3201 1647 3280 δη(λον)οτι

618 3314 758 3375 Ratione
788 3316 923 3377 inversa
953 3315 1037 3375 Rau.
1073 3316 1135 3375 118
1166 3330 1226 3389 ope
1250 3315 1372 3376 codicis
1397 3316 1426 3375 Β
1449 3315 1568 3390 corrigi
1591 3316 1699 3390 potest
1718 3313 1786 3372 eius·

573 3429 664 3490 modi
687 3442 779 3490 error
803 3428 986 3504 codicisv,
1011 3430 1068 3502 qui
1091 3428 1173 3488 haec
1196 3427 1314 3488 habet:

729 3537 857 3621 πορνεῖ’.
890 3539 1080 3613 ἀναπαύλας.
1115 3538 1269 3622 ἐκτροπάς.
1304 3539 1428 3621 κρήνας.
1464 3539 1541 3620 ὃδὴ
1566 3564 1627 3601 ιια-

728 3699 838 3770 πόλεις.
874 3697 998 3769 διαίτας.
1036 3696 1284 3774 πανδοκευτρίας.
1308 3696 1387 3758 ὅπου
1447 3630 1635 3709 ualidas-2
1661 3665 1699 3676 ..-

727 3811 826 3891 κόρεις
851 3807 1000 3891 ὀλίγιστοι.

572 3929 610 3988 In
641 3927 669 3987 Β
699 3942 765 3987 nou
794 3926 918 4000 legitur
948 3925 1132 4003 καπηλίδας,
1164 3927 1215 3986 est
1239 3928 1353 3986 autem
1376 3924 1458 3985 illud
1482 3923 1692 4001 vocabulum,
1714 3922 1784 3999 quod
1841 3971 1842 3977 ,

570 4042 677 4117 primo
711 4040 825 4101 versui
859 4038 1029 4114 adhaeret,
1065 4039 1403 4115 interpretamentum
1440 4037 1532 4099 vocis
1565 4036 1785 4115 πανδοκευτρίας
1841 4071 1842 4108 3

570 4156 603 4215 in
641 4170 739 4215 versu
774 4154 927 4227 sequenti
958 4155 1148 4229 usurpatas.
1180 4154 1355 4215 Praeterea
1386 4168 1451 4213 non
1483 4148 1500 4211 d
1531 4150 1575 4229 δὴ
1599 4155 1658 4216 sed
1681 4147 1783 4217 teoto

570 4267 714 4328 scribere
738 4267 878 4328 debebat
901 4267 1056 4328 librarius
1079 4267 1118 4344 V,
1138 4283 1238 4341 quem
1257 4268 1390 4342 signum
1410 4266 1558 4342 syllabae
1577 4290 1646 4338 -ους
1665 4263 1783 4338 decepit.
1841 4295 1842 4332 3

615 4380 785 4441 Gemellus
809 4396 902 4442 error
923 4381 957 4441 in
981 4380 1051 4440 VR
1075 4384 1128 4441 est
1150 4381 1234 4441 Nub.
1262 4382 1365 4441 1428:

680 4490 720 4564 ὣς
742 4492 814 4565 τοὺς
838 4491 969 4574 πατέρας
992 4491 1142 4571 ἀμύνεται
1166 4493 1263 4553 καίτοι
1287 4517 1314 4552 ιι
1338 4491 1536 4572 διαφέρουσιν
1562 4490 1664 4564 [οὐδέ
1672 4495 1699 4563 ν]

678 4604 776 4685 ἡμῶν.
788 4605 906 4667 ἐκεῖνοι.

612 4723 721 4782 Etiam
745 4721 833 4782 Plut.
858 4723 923 4782 676
948 4724 1118 4782 certares
1142 4723 1210 4781 est:

790 4829 874 4894 ἔπειτ’
901 4831 1077 4912 ἀναβλέψας
1101 4830 1162 4913 δρῶ
1187 4832 1240 4892 τὸν
1264 4829 1344 4912 ίιρία
1371 4835 1449 4906 [τοῦ
1472 4836 1595 4906 θεοῦ1.
