4067 5950
664 825 706 871 DE
728 824 837 871 ’ΠΧΉΊ
859 824 1013 871 ἝΒΔΒΙΤΟ.

269 997 383 1057 Latius
404 997 530 1073 serpsit
553 996 636 1057 haeo
658 995 849 1073 corruptela
871 996 970 1074 Vesp.
999 997 1104 1057 1421:

401 1107 458 1189 ἐγὼ
482 1106 537 1187 μὲν
561 1100 619 1169 οὖν
642 1108 724 1193 αὐτῷ
748 1110 1112 1188 διαλλαχθήσομαι.

228 1224 281 1283 Sic
301 1224 339 1299 V,
364 1224 420 1284 ubi
443 1224 472 1284 R
494 1223 631 1299 praebet
653 1222 949 1301 διαλεχθήσομαι
967 1220 1000 1295 ¹).

271 1337 441 1399 contrario
463 1352 572 1399 errore
594 1372 630 1380 —
657 1335 1280 1417 0010111111ὑπεραττικίζοντόςτινος-
1295 1337 1379 1399 Nub.
1393 1337 1457 1397 26?
1579 1355 1581 1361 '

229 1452 260 1511 in
284 1452 311 1511 R
334 1455 386 1513 est
412 1453 594 1529 seriptum:

314 1564 404 1641 μήπω
433 1569 489 1645 [χε]
522 1563 613 1642 μήπω
636 1584 669 1644 γε
692 1561 767 1643 nelo·
791 1560 830 1623 ἂν
853 1561 936 1624 ronti
959 1564 1118 1641 πτύξωμαι
1142 1562 1196 1641 μή.
1211 1564 1459 1643 καταβοαχῶ,

229 1678 328 1739 immo
351 1678 603 1757 καταβρεχθῶ,
628 1677 714 1752 quod
739 1677 840 1738 hebet
862 1678 902 1739 V.

269 1904 386 1967 Dorica
408 1910 523 1968 autem
547 1905 599 1967 vel
623 1906 735 1967 Ionioa
759 1906 816 1967 ubi
839 1906 974 1981 scripsit
998 1906 1159 1981 oomious,
1185 1906 1337 1981 graviora
1355 1906 1456 1966 etiam

229 2020 390 2080 institisse
419 2020 566 2096 pericula
596 2035 695 2081 nemo
719 2035 785 2081 non
809 2017 985 2094 intellegit.
1010 2020 1094 2080 Prae
1116 2020 1237 2081 esteris
1261 2020 1352 2081 vitiis
1374 2034 1458 2093 quae

229 2133 307 2194 haeo
329 2149 430 2194 causa
453 2135 487 2194 in
511 2134 619 2195 luosm
643 2132 798 2210 protulit,
824 2132 994 2194 mentione
1018 2132 1155 2208 dignum
1176 2134 1331 2208 estquod
1351 2148 1459 2194 emen·

229 2246 356 2307 datione
380 2262 457 2307 vere
480 2247 622 2322 palmari
644 2246 786 2307 sustulit
803 2246 884 2307 olim
904 2245 1119 2322 Valckenaer,
1138 2246 1216 2321 Lys.
1239 2248 1313 2307 173.
1334 2246 1459 2309 Meritis

229 2363 337 2423 uostris
362 2362 627 2437 persuadebimus
659 2362 807 2422 παὶίινω
841 2360 1040 2441 alternanti
1064 2362 1266 2437 Lysistrata,
1291 2366 1458 2439 utpaeem

230 2482 330 2551 apum.
353 2475 413 2537 (lui
436 2476 591 2552 Lampito
614 2476 778 2537 Lacaena:

491 2586 806 2673 oddeaooddo
828 2586 925 2665 ἔχοντι
947 2584 994 2645 ταὶ
1017 2586 1158 2666 τριήρεες.

231 2706 278 2767 Sic
306 2707 347 2783 R,
380 2710 414 2768 et
445 2707 480 2767 ln
510 2707 678 2781 margine:
713 2691 772 2781 „uir
802 2704 975 2782 onootegss'
1006 2704 1109 2765 Paulo
1133 2704 1246 2765 minus
1270 2706 1390 2767 vitiose
1414 2708 1456 2767 1⁷:

231 2816 443 2897 ἀσοποδᾶς,
480 2821 551 2881 veri
586 2822 702 2881 autem
737 2820 819 2881 echo
853 2818 1035 2895 percipitur
1069 2819 1104 2879 in
1138 2818 1244 2880 altero
1275 2819 1399 2882 codicis
1429 2820 1458 2879 R

231 2933 362 2995 scholio:
389 2930 465 3010 ,ἕως
488 2929 528 2993 ἂν
552 2934 878 3013 θαλασσοκρατῶσιν”.
902 2932 1006 2994 Poeta
1029 2932 1183 2996 dederat:

446 3047 501 3126 οὐχ
525 3039 567 3119 ἇς
591 3047 720 3119 πόδας
743 3071 782 3106 ιια
805 3045 908 3125 ἔχωντι
933 3043 982 3105 ταὶ
1004 3045 1147 3125 τριήριες,

171 3174 172 3177 ’
233 3177 402 3236 numnam
420 3163 573 3236 quieseant
593 3161 802 3237 Αιὴιοίιποια,
822 3161 917 3221 deam
935 3175 1065 3220 currere
1078 3160 1201 3235 possim
1220 3175 1331 3221 eorum
1349 3176 1444 3223 noum

480 3445 536 3526 18)
558 3447 612 3508 De
637 3447 750 3508 vitiis
773 3444 1000 3522 quibusdam
1021 3446 1199 3507 vetustis.

272 3647 404 3722 Singula
434 3647 516 3708 vitia
546 3648 678 3722 quando
708 3647 778 3708 sint
806 3649 902 3723 nata,
934 3645 1019 3705 seire
1042 3659 1108 3705 non
1131 3661 1324 3724 possumus,
1349 3663 1456 3722 neque

236 3759 260 3817 si
285 3775 472 3838 possemus,
496 3761 642 3823 multum
667 3762 699 3822 id
723 3761 897 3837 prodesset
920 3762 961 3822 ad
985 3761 1102 3841 poetae
1126 3761 1227 3822 verba
1250 3761 1458 3823 restituenda

236 3885 325 3933 suove
356 3875 462 3949 pretio
496 3874 718 3936 aestimanda.
751 3875 837 3935 Sunt
866 3877 980 3937 tamen
1013 3877 1116 3938 veluti
1140 3879 1270 3938 aetates
1293 3878 1453 3952 quaedam

237 3985 393 4061 vitiorum,
419 3988 453 4048 et
476 3987 601 4061 aliquid
625 4003 713 4048 nunc
732 3988 908 4049 dicendum
929 3994 981 4050 est
1001 3992 1041 4052 de
1061 3991 1305 4064 antiquissimis
1324 3990 1451 4064 quibus·

175 4118 176 4123 ¹
238 4095 301 4158 dam
319 4100 501 4176 erroribus,
522 4115 664 4175 quorum
683 4102 835 4163 nonnulli
855 4102 947 4163 brevi
966 4106 1043 4179 post
1061 4106 1203 4164 mortem
1216 4103 1323 4178 ipsius
1336 4103 1454 4164 oomici

239 4208 352 4273 ineius
374 4228 474 4290 opera
497 4214 673 4288 irrepsisse
697 4215 861 4276 videntur.

274 4323 404 4388 lhesm.
428 4327 483 4386 80.

373 4522 376 4526 b
443 4435 507 4498 ἐπεὶ
530 4439 642 4518 τρίτη
666 4441 753 4515 ’στι,
780 4441 1002 4521 Θεσμοφορίων
1025 4437 1044 4518 ή
1069 4439 1152 4518 μέσή.

173 4749 174 4794 ,
270 4711 286 4778 ¹)
299 4719 415 4766 Redeunt
431 4721 460 4766 in
476 4718 615 4768 oodieibue
633 4721 767 4782 διαλλαχθ-
786 4726 813 4769 el
829 4725 974 4783 ἄπαλλαχθ-
992 4724 1056 4770 soh.
1075 4725 1123 4770 etl
1139 4724 1217 4784 Veep.
1235 4727 1294 4782 484,
1312 4727 1370 4782 504,
1389 4728 1454 4774 1305

172 4824 173 4827 =
244 4793 278 4840 lv.
299 4799 344 4845 illo
369 4797 437 4847 Prot
465 4803 511 4856 ee;
536 4798 656 4847 sinoerss
682 4802 782 4849 formas
806 4805 897 4848 extant
917 4803 982 4849 son.
1005 4804 1065 4859 301,
1088 4803 1137 4850 ato
1160 4803 1224 4850 Ριο.
1245 4805 1304 4861 333,
1327 4806 1386 4862 303,
1403 4806 1452 4852 353

172 4903 174 4951 χ
244 4870 384 4935 00011083,
404 4882 470 4926 1100
488 4881 558 4928 Plus.
576 4881 635 4938 dee,
652 4881 711 4937 2⁷1,
729 4882 779 4927 810
797 4882 829 4927 fr.
847 4876 916 4928 887¹.
