4067 5950
714 760 794 806 VITA
818 759 857 805 ΕΤ
881 754 1051 804 ornamus

471 932 571 1008 ,Quis
593 931 687 992 novit
709 946 751 992 an
775 929 861 993 mori
884 930 930 992 sit
953 929 1015 990 hoc
1038 924 1124 1002 quod
1151 925 1313 1001 vivimus,

469 1046 531 1121 ,ht
553 1045 627 1120 ipsa
650 1059 742 1106 mors
766 1045 839 1105 vita
862 1057 904 1104 an
927 1040 1092 1102 habeatur
1115 1038 1278 1101 inieris?”

254 1160 416 1220 —haec
445 1173 574 1234 quoque
605 1157 707 1218 verba
736 1156 981 1232 Aristophanes
1010 1152 1185 1231 perinepta
1210 1153 1269 1212 aut
1292 1151 1502 1212 consultant

250 1272 440 1334 simulavit
470 1287 506 1334 so
531 1286 681 1346 censere;
713 1271 772 1334 ssd
794 1285 911 1333 revera
935 1268 1105 1330 censuisse
1130 1266 1269 1329 videtur.
1294 1266 1372 1326 Plus
1395 1267 1521 1327 semel·

251 1401 299 1446 ea
323 1386 415 1463 risit,
440 1389 474 1448 et
496 1386 531 1446 in
555 1386 723 1447 Ranarum
743 1383 875 1447 tabulae
899 1383 994 1445 exitu
1018 1397 1095 1444 cum
1115 1380 1237 1445 chorus
1256 1379 1499 1456 spectatoribus

251 1501 325 1561 hoc
351 1501 481 1562 cantico
507 1499 680 1561 valedicit:

625 1613 782 1691 ,Placeat
803 1613 893 1674 haud
917 1626 993 1673 cum
1017 1610 1153 1673 Socrate

626 1727 763 1803 ,Serere
785 1725 930 1802 ineptias
952 1723 1073 1799 quibus

625 1842 765 1917 „Pereat
788 1840 899 1901 omnis
922 1837 1066 1916 musica,

580 1955 719 2032 „Pereat
743 1967 842 2015 omne
865 1953 965 2015 decus
989 1932 1167 2013 amoenum

623 2066 770 2146 ,Dulcis,
799 2066 880 2141 heu,
903 2064 1104 2140 tragoediae.

541 2188 544 2195 '
623 2180 799 2256 ,Hominis
822 2178 905 2240 illud
927 2178 1052 2240 mentis
1076 2180 1129 2240 est

579 2293 736 2370 ,Debills,
761 2292 797 2354 in
819 2292 918 2367 nugis
941 2291 1071 2354 canoris

579 2407 686 2483 ,Nihil
712 2409 882 2483 agentem,
908 2404 1134 2480 disputantem

692 2521 832 2597 ,terere
855 2521 989 2596 tempus
1012 2519 1109 2581 aevi''

257 2670 299 2680 -
327 2636 563 2698 huiuscemodi
592 2636 807 2712 potissimum
830 2634 953 2710 cogitat
975 2631 1142 2710 Euripidis
1165 2635 1352 2695 sententias
1375 2633 1500 2711 inepte,

255 2753 296 2812 ut
320 2751 506 2812 arbitratur
529 2749 689 2826 comicus,
713 2748 992 2825 philosophantis.
1016 2746 1118 2808 Nobis
1141 2762 1220 2809 vero
1239 2751 1338 2824 poeta
1356 2748 1503 2824 tragicus

255 2879 379 2925 secum
402 2862 599 2940 colluctans,
624 2862 703 2923 dum
731 2862 821 2922 vitae
844 2861 1028 2936 mortisque
1051 2861 1252 2938 aenigmatis
1275 2862 1407 2937 angitur
1429 2877 1499 2938 pec·
1594 2863 1596 2868 ’

256 2983 329 3056 tus,
345 2993 480 3039 -uam
498 2979 570 3053 ipse
586 2976 734 3054 proiecto
753 2976 925 3051 Euripides
944 2976 997 3037 hic
1016 2976 1173 3052 loquitur,
1188 3008 1228 3020 -
1242 2976 1496 3051 haudquaquam

259 3094 396 3155 videtur
430 3092 550 3167 dignus
584 3091 640 3165 qui
674 3106 695 3151 a
730 3090 856 3152 comico
886 3089 944 3151 illo
975 3088 1121 3165 Dionyso
1156 3089 1317 3150 habeatur
1346 3090 1498 3152 ludibrio.

257 3207 359 3268 Talia
381 3204 483 3268 verba
504 3204 604 3266 rideri
627 3219 694 3266 non
714 3203 887 3266 debebant.
907 3203 1101 3265 salsissime
1119 3218 1200 3263 sane
1220 3203 1260 3265 ab
1280 3203 1501 3279 Aristophane

258 3320 342 3381 sunt
365 3319 488 3396 derisa,
514 3320 548 3379 et
570 3319 650 3380 dum
669 3319 832 3395 ridemus,
857 3317 1078 3394 indignationi
1101 3318 1136 3378 in
1158 3320 1272 3379 mente
1298 3321 1413 3380 nostra
1434 3334 1501 3380 non

260 3438 315 3497 est
351 3434 463 3509 locus;
499 3434 558 3496 sed
592 3436 727 3509 poetam
762 3434 928 3509 tragicum
958 3432 1171 3509 improbandi
1199 3434 1290 3494 iusta
1320 3447 1421 3530 causa
1449 3432 1503 3493 hic

261 3552 317 3609 est
348 3548 453 3609 nulla.

308 3775 388 3836 Alia
411 3749 551 3837 Macarei
574 3791 736 3837 novorum
761 3790 893 3837 morum
917 3775 1093 3851 praeconis
1117 3779 1170 3837 est
1193 3775 1289 3837 ratio.

471 3889 574 3965 ,Quid
598 3891 709 3967 turpe,
733 3889 789 3964 qui
811 3890 918 3951 iecere
943 3888 973 3949 si
994 3904 1061 3950 uon
1085 3891 1183 3964 turpe
1207 3887 1375 3949 habentl'’

268 4003 410 4078 -quis
440 4004 493 4063 est
522 4002 579 4077 qui
608 4005 774 4079 vituperet
803 4018 858 4065 me
889 4017 966 4064 cum
996 4018 1110 4065 sorore
1140 4016 1211 4063 rem
1242 4001 1435 4082 habentem,
1471 4005 1501 4065 si

265 4118 350 4193 ipsis
373 4116 468 4178 nobis
492 4117 712 4192 vituperanda
733 4117 800 4178 ista
822 4130 888 4178 non
911 4115 1112 4177 videantur?

310 4231 421 4291 Etiam
451 4232 619 4306 Antigona
649 4231 773 4307 spretis
796 4231 973 4292 hominum
996 4230 1127 4304 legibus
1149 4231 1288 4292 naturae
1311 4245 1430 4291 vocem
1454 4233 1507 4291 est

267 4346 397 4420 secuta,
429 4345 488 4405 sed
518 4346 604 4406 recti
634 4346 698 4406 sibi
721 4345 855 4407 conscia
877 4346 995 4407 secuta
1016 4347 1083 4422 est,
1108 4345 1243 4407 deorum
1267 4344 1368 4405 iussis
1391 4345 1428 4404 ut
1452 4343 1505 4405 ob·

269 4459 473 4533 temperaret
495 4460 622 4534 pectori
651 4460 799 4520 humano
830 4460 943 4521 insitis
966 4463 1000 4520 et
1023 4476 1080 4537 per
1103 4476 1201 4521 omne
1226 4475 1361 4536 aevum,
1386 4474 1451 4520 non
1472 4461 1506 4520 in
1606 4522 1628 4530 ,,

270 4571 369 4631 breve
393 4570 524 4645 aliquod
549 4573 710 4649 temporis
731 4574 878 4649 spatium
891 4573 1091 4636 valentibus
1116 4575 1287 4635 Macareus
1310 4590 1387 4636 varo
1407 4590 1503 4637 caeco

271 4684 374 4744 animi
416 4685 544 4761 impetu
584 4702 686 4749 ruens
718 4688 752 4749 id
786 4688 864 4750 iecit
897 4689 983 4764 quod
1018 4687 1090 4749 fleri
1123 4704 1198 4750 cum
1234 4688 1392 4750 mortales
1426 4691 1499 4750 tum

272 4797 480 4861 immortales
503 4802 697 4879 vetuerunt,
720 4802 752 4863 id
776 4804 862 4878 quod
885 4818 997 4866 rerum
1021 4804 1161 4866 naturae
1184 4778 1250 4866 non
1273 4819 1348 4865 esse
1368 4818 1503 4866 consen·
