4067 5950
723 746 805 799 vrrs
828 753 867 798 nn
891 756 1061 802 ornamus.
1448 741 1510 800 103

321 933 361 991 In
392 929 616 992 Pacificatrioe
644 929 757 990 fabula
789 931 839 991 vir
867 931 974 991 iratus
1004 930 1163 990 mulieres
1188 928 1325 990 vocabat
1350 929 1515 1006 „Euripidi

268 1047 473 1119 cunctisque
508 1045 571 1107 diis
604 1045 831 1107 invisissimas
866 1046 1052 1107 excetras.”
1084 1045 1246 1106 Excetrae
1275 1043 1352 1104 illae
1382 1043 1514 1104 tandem

268 1161 422 1233 denique
445 1158 646 1234 abruperunt
669 1159 876 1234 patientiam.
901 1160 989 1220 Satis
1012 1159 1080 1219 iam
1100 1158 1358 1220 calumniarum!
1381 1157 1517 1233 Semper

269 1290 335 1335 eas
367 1274 402 1334 in
433 1288 488 1334 ore
513 1273 613 1334 habet
634 1273 821 1350 Euripides,
846 1287 978 1348 semper
1000 1274 1031 1334 ei
1054 1276 1106 1334 est
1129 1273 1214 1347 quod
1240 1272 1385 1346 maligne
1408 1272 1448 1332 de
1471 1271 1512 1331 iis

267 1389 383 1448 dicat:
407 1387 504 1448 hodie
526 1386 703 1448 ostendent
722 1387 752 1447 ei
776 1402 840 1448 non
864 1387 991 1448 frustra
1013 1387 1173 1449 locutum.
1193 1387 1308 1448 Nonne
1326 1387 1514 1462 vituperare

267 1502 365 1563 solet
395 1501 481 1576 quod
513 1500 565 1561 sui
597 1501 679 1561 iuris
710 1515 776 1562 non
806 1502 875 1561 sint
906 1501 1015 1562 satis?
1040 1502 1181 1578 Operam
1205 1501 1307 1577 igitur
1329 1501 1454 1561 dabunt
1476 1507 1514 1560 ut

267 1615 375 1692 fiant,
406 1615 440 1676 in
467 1615 540 1690 ipso
564 1616 679 1676 autem
702 1614 848 1689 primum
872 1615 996 1676 facient
1017 1614 1211 1690 periculum.
1235 1615 1276 1675 Et
1298 1615 1456 1689 quoniam
1480 1614 1513 1674 in

268 1732 389 1790 cetera
420 1728 491 1789 vita
522 1743 565 1789 ex
594 1728 742 1789 virorum
773 1728 917 1803 pendent
947 1728 1133 1805 voluntate,
1160 1729 1298 1790 consilia
1319 1743 1380 1788 suo
1402 1729 1511 1788 marte

268 1843 428 1919 capiendi
446 1841 492 1902 ibi
512 1841 635 1904 facient
654 1842 786 1903 initium
803 1840 860 1901 ubi
872 1842 1004 1903 illorum
1018 1843 1163 1904 arbitriis
1176 1857 1239 1902 non
1252 1844 1331 1903 sunt
1341 1841 1512 1904 obnoxiae.

268 1956 540 2032 Thesmophoria
562 1956 651 2017 enim
676 1970 733 2032 per
753 1955 934 2016 triduuma
951 1956 1086 2017 leminis
1105 1957 1138 2017 in
1159 1956 1284 2032 templo
1301 1956 1413 2016 Bonae
1431 1955 1510 2017 deae

268 2072 415 2144 eiusque
446 2069 548 2130 Filiae
578 2069 682 2130 nullis
710 2069 860 2130 maribus
890 2070 1048 2132 admissis
1071 2070 1238 2132 celebrata
1257 2070 1508 2145 integerrimam

267 2185 318 2244 iis
341 2184 502 2260 praebent
524 2182 727 2244 deliberandi
749 2185 783 2244 et
806 2182 1000 2246 decernendi
1024 2184 1224 2246 libertatem.

321 2299 427 2360 Hodie
459 2298 494 2358 in
525 2299 681 2360 concione
711 2298 906 2375 mulierum,
931 2313 1015 2372 quae
1038 2300 1078 2360 ad
1102 2297 1329 2359 iestumillud
1352 2296 1511 2359 sollemne

268 2413 466 2474 obeundum
493 2416 733 2489 convenerunt,
758 2415 876 2488 poetae
899 2413 1150 2488 septuagenario
1174 2426 1280 2488 poena
1302 2411 1511 2488 irrogabitur,

269 2529 394 2603 utpote
424 2542 528 2588 sexus
559 2527 694 2588 feminei
724 2525 822 2588 osori.
854 2528 917 2588 Sed
948 2527 1122 2589 consilium
1150 2527 1190 2588 de
1212 2542 1251 2588 eo
1274 2527 1370 2588 hodie
1393 2526 1511 2603 agendi

271 2642 407 2718 pridem
431 2643 551 2702 initum
577 2642 687 2719 ipsum
712 2656 777 2703 non
800 2642 898 2704 latuit
923 2676 962 2686 -
988 2658 1107 2717 nempe
1130 2642 1216 2704 clam
1239 2641 1296 2702 illo
1314 2641 1392 2714 quid
1412 2643 1513 2716 agant

270 2755 442 2817 feminae!
469 2789 510 2799 -
531 2757 565 2816 et
584 2756 863 2830 quemadmodum
882 2756 916 2817 in
937 2758 1009 2816 arte
1027 2771 1088 2816 sua
1099 2769 1269 2830 nunquam
1282 2758 1374 2816 caret
1387 2753 1514 2815 callidis

269 2869 426 2931 artificiis
453 2871 494 2930 ad
521 2885 632 2931 rerum
657 2870 761 2931 nodos
784 2869 1001 2944 quantumvis
1024 2870 1198 2946 perplexos
1221 2869 1439 2945 dirimendos,
1463 2867 1512 2928 sic

269 2999 365 3045 nunc
383 2984 546 3059 quomodo
565 2983 628 3045 sibi
649 2984 835 3046 consuleret
854 2985 942 3046 haud
962 2983 1138 3045 difficulter
1157 2984 1292 3045 invenit.
1312 2982 1512 3044 consobrino

270 3098 366 3159 enirn
402 3099 533 3159 cuidam
570 3098 748 3174 persuadet
782 3100 820 3159 ut
853 3098 1007 3160 muliebri
1041 3101 1153 3159 sumto
1189 3098 1303 3159 habitu
1333 3096 1511 3158 mulierum

270 3213 376 3273 adeat
399 3214 615 3288 conventum,
641 3212 805 3287 flagitium
830 3212 1040 3288 sacrilegum.
1105 3248 1109 3257 ·

321 3326 380 3385 Est
402 3326 536 3400 quidem
560 3324 725 3387 diiflcilior
748 3326 893 3387 hominis
916 3326 1190 3400 quinquagenarii
1213 3328 1246 3387 in
1266 3326 1426 3387 feminam
1446 3339 1511 3385 non

270 3438 378 3499 nimis
408 3441 539 3514 turpem
571 3441 730 3513 mutatio,
763 3440 821 3501 sed
852 3440 1033 3501 adiuvante
1056 3440 1241 3516 Agathone,
1266 3442 1364 3516 poeta
1387 3440 1515 3501 iuniore

271 3556 308 3612 et
341 3551 598 3629 formosissimo,
633 3554 688 3627 qui
713 3556 825 3614 vestes
856 3556 889 3614 et
920 3554 1082 3615 calceolos
1105 3556 1138 3614 et
1162 3554 1280 3629 capitis
1302 3556 1456 3615 ornatum
1481 3558 1515 3615 et

270 3666 475 3726 novaculam
517 3669 552 3726 et
593 3668 671 3741 quid
713 3681 779 3727 non
821 3666 1135 3729 benevolentissime
1159 3668 1319 3743 praebet,
1356 3702 1396 3711 -
1432 3682 1510 3727 nam

271 3778 392 3839 mundi
412 3780 583 3840 muliebris
604 3781 687 3841 nibil
709 3779 820 3841 delicit
839 3779 1076 3841 mollissimum
1092 3780 1298 3841 mortalium!
1322 3814 1361 3825 —
1384 3781 1513 3856 egregie

272 3894 364 3955 cedit
386 3909 456 3966 res;
481 3895 576 3968 gravi
596 3895 672 3955 dein
691 3894 822 3955 incessu
840 3897 995 3955 matrona
1013 3896 1363 3970 personatatemplum
1377 3895 1513 3955 dearum

272 4010 390 4069 intrat.
421 4007 470 4067 Ibi
502 4009 597 4069 adest
627 4009 705 4068 dum
738 4022 814 4068 reus
844 4005 882 4067 iit
911 4008 1058 4083 tragicus
1089 4012 1122 4068 et
1146 4009 1331 4083 complures
1355 4008 1513 4069 oratrices

272 4123 308 4182 in
346 4137 421 4182 eum
457 4120 558 4182 verba
587 4121 724 4182 iaciunt.
760 4121 952 4196 ,Euripides
982 4122 1064 4181 viris
1099 4125 1215 4182 auctor
1244 4121 1308 4181 fuit
1343 4124 1380 4181 ut
1410 4122 1514 4183 artius

276 4236 403 4312 ,etiam
423 4251 523 4310 quam
541 4235 684 4296 antehac
706 4235 912 4296 includerent
933 4250 995 4295 nos
1017 4238 1051 4296 et
1075 4237 1287 4296 custodirent.
1311 4236 1404 4295 Nunc
1428 4237 1513 4309 quic·

276 4350 378 4423 ,quid
397 4351 542 4426 agimus,
568 4350 601 4410 in
621 4350 846 4425 suspicionem
866 4348 1045 4410 incidimus
1069 4352 1103 4409 et
1126 4349 1244 4423 flagitii
1267 4349 1388 4422 aliquid
1405 4350 1515 4409 moliri

276 4465 477 4539 ,credimur
510 4464 654 4540 Quosvis
683 4464 870 4525 culinarum
903 4466 937 4524 et
958 4465 1263 4540 promptuariorum
1290 4464 1428 4538 angulos
1447 4479 1514 4539 per·

278 4579 469 4654 ,vestigant
500 4580 613 4653 patres
644 4578 807 4640 familias:
839 4594 972 4654 semper
1003 4578 1128 4651 aliquid
1155 4577 1281 4637 fraudis
1305 4577 1444 4638 subolet.
1463 4576 1517 4638 'Ne

278 4693 475 4768 ,vasculum
518 4693 651 4765 quidem
693 4694 801 4767 frangi
844 4695 954 4767 potest
996 4694 1074 4766 quin
1109 4693 1213 4752 miras
1246 4690 1433 4765 tragoedias
1466 4690 1516 4750 illi

279 4809 412 4887 ,agant
445 4805 532 4873 Olim
563 4806 679 4874 fallere
709 4807 799 4873 viros
828 4806 915 4872 haud
947 4804 1079 4869 difficile
1103 4807 1187 4883 erat,
1212 4819 1301 4868 nunc
1325 4804 1408 4865 nihil
1432 4804 1514 4871 eius,
