4067 5950
544 755 588 816 80
1063 768 1105 812 oa
1128 767 1254 814 sorren

543 955 651 1002 novus
680 941 752 1017 ipse
781 938 897 1002 mundi
927 937 1093 1000 dominus.
1124 937 1162 1000 In
1193 936 1342 1000 Nubibus
1375 935 1638 1014 explodebantur
1673 936 1787 1011 impia

544 1068 663 1129 aegrae
686 1053 811 1114 mentis
833 1051 1018 1113 insomnia:
1043 1051 1133 1126 ipsae
1155 1050 1222 1112 iam
1247 1051 1353 1112 nubes
1372 1050 1570 1112 habitandas
1589 1049 1654 1110 sibi
1678 1049 1789 1124 elegit

545 1165 602 1240 qul
623 1165 805 1241 primarum
828 1166 881 1226 est
902 1162 1060 1240 partium.

590 1278 716 1339 Fabula
748 1277 850 1352 igitur
883 1274 1052 1351 amabilis,
1084 1289 1169 1350 quas
1198 1277 1251 1337 est
1279 1277 1318 1338 de
1348 1277 1478 1339 Allium
1501 1277 1640 1338 civitate
1662 1277 1786 1348 beata,

546 1407 565 1452 θ
591 1389 734 1453 nubibus
764 1403 928 1466 suspensa
958 1391 1011 1450 est
1042 1387 1129 1451 haud
1163 1404 1259 1452 secus
1283 1391 1382 1464 etque
1404 1390 1476 1466 lpse
1494 1390 1614 1452 horum
1639 1391 1787 1462 civitam

546 1520 613 1566 non
636 1504 725 1566 enim
748 1501 865 1564 subest
886 1501 1020 1565 firmum
1046 1503 1128 1565 illud
1152 1504 1287 1580 pietatis
1304 1503 1579 1582 tundamentum,
1600 1519 1666 1580 quo
1685 1505 1789 1565 nisus

545 1620 655 1681 fuerat
677 1623 776 1694 poeta
797 1631 880 1693 puer
902 1618 937 1678 et
959 1616 1100 1678 iuvenis.
1130 1618 1276 1679 innocuo
1299 1617 1378 1679 olim
1403 1619 1474 1679 ioco
1497 1618 1668 1694 ingentem
1693 1617 1790 1677 Vini·

545 1733 628 1794 toris
659 1731 876 1794 scarabaeum
905 1731 1047 1793 miserat
1071 1731 1105 1792 ln
1127 1731 1217 1793 Iovis
1241 1731 1340 1793 aedes
1363 1747 1503 1794 vacuas:
1527 1747 1616 1793 nunc
1639 1731 1732 1792 alius
1758 1731 1788 1791 ei

547 1850 600 1909 est
633 1847 725 1907 vocis
758 1859 863 1906 sonus
894 1845 935 1906 de
965 1843 1123 1908 caelitum
1155 1845 1282 1907 familia
1310 1846 1440 1908 iocanti.
1465 1845 1554 1922 Quae
1577 1847 1688 1906 denuo
1715 1844 1788 1919 qui·

547 1962 622 2022 dem
646 1960 681 2020 in
703 1960 793 2020 Iovis
816 1958 952 2021 aedibus
971 1959 1039 2019 lam
1063 1959 1206 2036 habitat,
1231 1959 1289 2020 sed
1313 1974 1379 2021 non
1398 1961 1516 2034 regnat
1538 1958 1600 2035 ibi,
1620 1961 1659 2020 ut
1679 1959 1786 2030 olim;

548 2091 615 2138 nou
650 2075 739 2136 enim
770 2088 940 2135 summum
973 2072 1075 2134 etiem
1107 2088 1221 2135 rerum
1247 2075 1460 2136 moderamen
1492 2073 1593 2135 habet
1612 2073 1786 2148 Iuppiter:

548 2203 665 2250 revera
687 2202 776 2248 nunc
796 2186 837 2247 ab
861 2185 1054 2248 hominibus
1075 2187 1189 2263 impiis
1212 2188 1253 2249 de
1274 2187 1393 2250 throno
1417 2190 1470 2248 θεῖ
1491 2188 1619 2263 pulsus.

593 2300 785 2363 (iacendum
815 2313 897 2360 sane
925 2313 967 2360 ne
990 2299 1118 2375 ingenii
1144 2299 1245 2362 libere
1267 2299 1477 2362 lascivientis
1498 2300 1640 2361 facetiae
1662 2314 1787 2360 severa

549 2415 677 2475 trutina
709 2412 949 2488 expendantur.
979 2413 1051 2473 Non
1080 2414 1193 2488 gravis
1223 2412 1326 2489 aliqui
1356 2413 1573 2491 phliosophus
1602 2427 1788 2474 morumve

549 2529 741 2604 praeceptor
771 2529 824 2588 est
851 2527 880 2586 is
911 2527 1008 2588 ouius
1037 2527 1138 2589 rerba
1160 2528 1395 2605 percipiuntur,
1419 2529 1478 2588 sed
1502 2531 1613 2603 poeta,
1639 2528 1693 2588 cui
1717 2541 1786 2586 non

549 2641 800 2703 demonstrandi
828 2640 887 2700 sed
917 2639 1049 2701 iocandi
1077 2643 1112 2701 et
1142 2640 1379 2717 aliquantisper
1401 2656 1554 2703 curarum
1577 2640 1787 2714 quotidiana·

548 2770 623 2814 rum
655 2753 872 2815 obliviscendi
903 2757 957 2816 est
985 2754 1148 2814 studium.
1180 2754 1319 2815 Ridetur
1346 2755 1380 2814 in
1403 2755 1529 2830 pulpito
1554 2755 1692 2827 comico,
1717 2768 1786 2813 non

550 2868 696 2944 docetur,
727 2882 834 2942 neque
864 2870 941 2944 post
969 2867 1102 2929 tabulae
1124 2865 1225 2928 finem
1250 2868 1417 2943 spectator
1439 2869 1544 2942 ullus,
1568 2867 1626 2943 qui
1648 2867 1786 2941 quidem

550 2980 679 3043 sobriae
710 2981 756 3040 sit
783 2981 924 3058 mentis,
948 2980 1080 3057 rogabit
1104 2997 1205 3057 quam
1228 2984 1355 3043 sortem
1379 2982 1499 3042 civitas
1522 2981 1670 3042 aetheria
1692 2980 1786 3041 habi-

549 3099 625 3157 tura
655 3094 763 3156 fuerit.
795 3095 907 3155 Ludus
937 3097 989 3155 est
1020 3094 1168 3155 urbanus
1190 3098 1225 3156 et
1246 3095 1487 3156 festivissimus
1510 3096 1657 3169 artisque
1680 3094 1786 3155 variis

551 3209 647 3270 donis
687 3210 843 3269 ornatus:
878 3238 923 3249 -
957 3209 1016 3269 sed
1054 3209 1102 3269 ita
1141 3208 1243 3270 iocari
1281 3208 1522 3285 Aristophanes
1555 3210 1632 3269 ante
1667 3207 1786 3268 decem

551 3337 656 3382 annos
678 3322 718 3382 de
742 3321 842 3381 rebus
865 3320 930 3380 sibi
952 3324 1031 3381 tunc
1054 3322 1160 3382 sacris
1183 3336 1250 3382 non
1273 3320 1448 3397 potuisset.
1482 3322 1576 3381 Nunc
1602 3320 1701 3395 longa
1725 3334 1787 3395 spe

552 3436 700 3496 deiectus
730 3434 905 3496 hominum
936 3433 1138 3509 deorumque
1170 3436 1358 3495 contemtor
1388 3434 1505 3494 evasit.
1532 3432 1711 3509 Diagoram
1737 3433 1786 3493 sic

550 3540 662 3610 ierunt
692 3547 732 3609 ab
765 3547 885 3608 amicis
911 3547 1088 3622 deceptum
1113 3561 1188 3607 cum
1213 3546 1387 3608 hominum
1409 3544 1473 3607 ilde
1491 3546 1599 3622 ipsam
1623 3546 1786 3621 pietatem

553 3660 725 3721 abiecisse.

597 3889 687 3949 Aves
713 3887 828 3948 tabula
850 3902 968 3948 mense
991 3888 1111 3949 Martio
1135 3888 1214 3948 anni
1238 3888 1304 3947 414
1328 3887 1457 3962 Magnis
1478 3885 1686 3947 Liberalibus
1708 3888 1788 3949 data
1858 3938 1859 3965 p

553 4004 606 4063 θεῖ
639 4000 773 4061 nomine
810 3998 1003 4062 callistrati.
1035 4000 1183 4060 Primum
1214 4000 1400 4074 praemium
1430 4000 1507 4060 tulit
1541 3998 1785 4063 comissatores
1858 3968 1859 3981 ἵ

553 4114 723 4188 Amipsiae
753 4113 880 4188 tabula,
911 4113 1094 4173 secundum
1120 4115 1225 4187 Aves,
1256 4113 1395 4172 tertium
1418 4112 1598 4186 Phrynicbi
1621 4114 1785 4175 Monotro·

554 4242 634 4303 pus;
677 4227 712 4285 in
754 4239 819 4299 qua
853 4224 966 4286 tabula
1003 4226 1130 4301 primae
1165 4227 1276 4301 partes
1311 4228 1405 4287 eraut
1440 4225 1578 4287 alterius
1612 4227 1786 4288 cuiusdam

554 4339 703 4400 Timonis
726 4339 880 4399 homines
902 4338 1010 4415 perosi
1038 4341 1071 4400 et
1095 4339 1252 4399 aversati.
1276 4337 1434 4413 cognatis
1457 4338 1559 4413 igitur
1582 4342 1790 4415 argumentis
1858 4400 1859 4417 ¹

554 4454 607 4514 usi
637 4453 716 4513 sunt
744 4451 952 4526 Phrynichus
975 4454 1009 4513 et
1032 4452 1286 4529 Aristophanes,
1311 4453 1369 4513 sed
1392 4452 1427 4512 in
1450 4454 1591 4515 materia
1613 4455 1789 4516 tractanda
1858 4494 1859 4497 ,

555 4567 639 4627 alter
661 4566 702 4626 ab
726 4566 832 4626 altero
855 4580 954 4639 quam
977 4566 1126 4626 maxime
1149 4566 1301 4625 diversus
1323 4565 1397 4627 tuit.

601 4682 691 4758 Quae
726 4681 878 4740 maxima
909 4680 1006 4740 laude
1037 4680 1136 4755 digna
1166 4682 1247 4740 tunc
1278 4680 1352 4740 visa
1378 4682 1432 4741 est
1461 4680 1574 4741 tabula
1600 4681 1787 4757 Amipsiae,

557 4793 647 4855 nullo
679 4793 822 4869 vestigio
853 4793 968 4855 relicto
999 4794 1142 4856 interiit:
1175 4794 1411 4870 Aristophanis
1442 4809 1539 4871 opus,
1566 4796 1652 4870 quod
1675 4812 1786 4859 secuu-
1858 4774 1859 4805 ¹
