4067 5950
555 779 621 840 800
997 793 1040 838 nn
1063 792 1172 838 nsxro
1195 790 1348 840 nsenrno.

554 965 616 1042 ait,
642 965 809 1041 ineffabilis
831 966 996 1043 σίραιον,
1021 967 1050 1027 si
1072 966 1241 1028 credimus
1263 966 1345 1027 testi
1369 966 1467 1027 unico
1491 965 1530 1026 R.
1553 965 1623 1026 Non
1646 965 1761 1026 credidit

553 1078 705 1155 Bentley,
728 1079 787 1140 sed
810 1080 963 1141 restituit
984 1080 1018 1140 id
1042 1079 1128 1154 quod
1152 1079 1288 1141 dederat
1311 1081 1427 1155 poeta:

1226 1188 1347 1269 δφατον
1371 1190 1411 1265 ὡς
1434 1190 1562 1268 καλός,’

554 1306 678 1366 mirum
702 1320 801 1380 οιιονι
820 1306 942 1381 pulcer.

599 1420 708 1481 Etiam
753 1420 835 1481 Ran.
876 1421 961 1482 1196
996 1420 1047 1481 sio
1081 1421 1215 1482 ridetur
1249 1421 1473 1497 corrigendus.
1507 1420 1571 1482 Ubi
1606 1420 1766 1493 Aeschylus

555 1533 744 1608 Euripidem
775 1533 903 1610 irridet,
936 1534 992 1609 qui
1024 1533 1185 1610 Oedipum
1211 1534 1335 1609 felicem
1357 1535 1536 1609 aliquando
1559 1535 1661 1595 luisse
1681 1533 1766 1609 perhi-

555 1648 643 1708 beat.
675 1648 735 1710 [lle
766 1649 880 1726 homo,
913 1648 970 1722 qui
1000 1647 1114 1709 inians
1144 1663 1203 1724 per
1230 1648 1338 1724 frigus
1361 1648 1505 1710 hiemale
1529 1651 1582 1710 est
1606 1648 1767 1723 expositus,

555 1761 629 1823 dein
659 1778 762 1823 anum
793 1777 935 1836 eamque
964 1776 1062 1823 susm
1095 1762 1202 1838 ipsius
1233 1765 1378 1824 matrem
1410 1762 1507 1823 duxit
1537 1776 1686 1834 uxorem,
1708 1760 1767 1819 dein

555 1876 669 1937 oculos
698 1877 762 1937 sibi
793 1877 908 1937 effodit
936 1878 1022 1953 ipse,
1055 1876 1135 1938 lelix
1160 1878 1232 1939 erat
1256 1876 1402 1939 scilicet!
1428 1876 1605 1951 Subiungit
1626 1874 1769 1948 Dionysus

556 2003 670 2051 secum
694 1991 766 2051 sive
790 1990 831 2051 ad
855 1991 1062 2065 spectatores
1085 1991 1186 2053 verba
1209 1991 1354 2053 iaciens:

735 2103 767 2163 εί
790 2101 856 2163 sal
878 2102 1097 2184 ίαιραιήγησίν
1118 2126 1152 2185 γε
1176 2099 1234 2181 μετ’
1259 2095 1480 2185 Ἐρασινίδου]

601 2217 663 2279 Sed
687 2220 764 2293 apte
787 2234 853 2280 non
876 2219 1022 2281 decurrit
1046 2220 1151 2280 oratio
1176 2220 1242 2282 nisi
1266 2235 1324 2295 pro
1347 2215 1399 2279 καί
1421 2218 1586 2280 scribatur
1609 2214 1666 2288 ὡςε

735 2329 783 2405 ὡς
807 2332 839 2393 εί
862 2330 1085 2413 ίοιραιήγησέν
1108 2354 1141 2411 γε
1164 2327 1221 2409 μετ’
1244 2327 1466 2411 Ἐρασινίδου]

605 2443 691 2507 Adeo
724 2463 801 2507 sane
834 2447 941 2508 δοοίιιο
967 2448 1031 2523 fuit
1062 2448 1113 2508 illc
1144 2451 1179 2507 ci
1202 2447 1231 2507 si
1255 2463 1328 2507 οιιοι
1352 2446 1522 2509 &asnide
1544 2447 1589 2507 ad
1611 2446 1773 2522 Aryiucsoa

557 2576 615 2622 suo
637 2561 757 2622 domno
781 2560 909 2622 oidsoei.

602 2789 875 2850 Permutatarum
909 2789 1150 2865 particularum
1175 2787 1195 2867 ἤ
1219 2792 1254 2850 et
1277 2787 1317 2861 ὡς
1341 2804 1360 2849 e
1384 2790 1502 2850 multis
1526 2788 1689 2863 exemplis
1708 2786 1777 2844 haec

451 2912 454 2918 ’
558 2902 662 2963 allata
684 2901 863 2981 sufficient,
887 2919 971 2980 quae
994 2904 1155 2980 praebent
1177 2904 1306 2965 scholia
1329 2904 1371 2965 ad
1397 2904 1536 2964 Pacem:

603 3017 654 3079 Ad
681 3018 757 3079 Pac.
783 3021 818 3078 1:
845 3016 885 3097 „ii
908 3016 999 3097 τάχοα
1022 3015 1042 3098 ἢ
1067 3017 1119 3078 διὰ
1142 3016 1285 3098 sagios?
1309 3019 1365 3080 Sic
1388 3018 1427 3094 V,
1452 3017 1487 3078 in
1510 3017 1539 3077 R
1562 3019 1676 3078 autem
1697 3029 1773 3091 pree·

558 3131 702 3192 missum
726 3134 779 3192 est
802 3132 944 3194 lemma:
971 3129 1032 3209 ,ὡς
1056 3132 1186 3210 τάχιστα·
1211 3129 1231 3211 ἢ
1254 3131 1343 3210 τάχος
1366 3127 1387 3211 ἢ
1411 3130 1468 3210 διδ
1481 3128 1627 3210 ταχέων.”
1647 3129 1776 3200 Uterque
1840 3125 1842 3214 l

558 3244 689 3320 vitiose,
722 3245 780 3305 sed
811 3247 946 3322 propius
976 3262 996 3307 a
1025 3261 1102 3308 vero
1127 3247 1227 3308 distet
1253 3247 1296 3322 V;
1321 3262 1401 3308 nam
1425 3245 1604 3321 legendum
1629 3246 1696 3306 est:
1719 3237 1776 3316 ,δι’

558 3357 645 3436 τάχος
676 3355 696 3437 ἢ
729 3355 876 3430 (ταῦτ’
910 3357 982 3431 ἔστι)
1015 3358 1065 3419 διὰ
1097 3357 1241 3437 ταχέων.”
1272 3361 1315 3421 Et
1344 3361 1477 3436 egregie
1508 3360 1556 3421 sic
1579 3357 1779 3420 confirmatur

559 3473 682 3534 Kiehlii
706 3474 908 3549 coniectura,
933 3474 989 3547 qui
1013 3474 1048 3534 in
1072 3476 1168 3534 textu
1190 3489 1249 3549 pro

738 3580 808 3667 αἶρ’,
829 3580 895 3665 αδρε
918 3590 1016 3665 μᾶζαν
1040 3585 1081 3660 ὥς
1104 3587 1227 3668 τάχιστα
1251 3587 1398 3673 κανθάρῳ

559 3702 737 3763 articulum
761 3705 796 3763 et
818 3704 926 3778 ipsam
950 3706 1069 3779 poetae
1093 3718 1233 3764 manum
1257 3703 1406 3763 restituit
1429 3701 1605 3763 scribendo

737 3809 807 3897 αἶρ’,
827 3809 893 3894 αίρε
916 3818 1013 3894 μᾶζαν
1038 3814 1081 3876 δοσ
1104 3816 1223 3894 ιοίχοσ
1246 3826 1293 3900 τῷ
1317 3815 1474 3900 κανθάρῳ.

602 3930 675 3991 Non
695 3932 808 3992 minus
826 3931 1036 3993 luculentum
1049 3931 1281 3992 huiuscemodi
1293 3945 1443 3992 errorum
1456 3929 1650 4005 exemplum
1663 3924 1783 4004 praebet

558 4043 708 4104 scholion
739 4043 767 4102 V
798 4045 840 4106 ad
871 4045 1050 4120 coryphaei
1080 4044 1184 4106 verba
1212 4045 1289 4105 Pac.
1323 4044 1406 4105 617:
1442 4058 1634 4120 „uunquam
1663 4039 1779 4102 αιιιιίιοι

558 4158 668 4219 audivi
690 4157 806 4218 Pacem
828 4160 872 4219 ad
894 4158 1045 4219 Phidiam
1063 4160 1241 4234 pertinere:

1052 4266 1130 4332 ταῦτ’
1159 4266 1204 4350 ἄρ’
1231 4269 1432 4350 εὐπρόσωπος
1455 4261 1507 4347 ἦν,

730 4374 815 4444 ὀὖσα
839 4383 990 4465 σνγγενὴσ
1014 4382 1165 4446 ίιιείνου.”

604 4499 655 4559 Ad
691 4499 773 4559 haec
807 4499 910 4574 igitur
938 4499 1041 4560 verba
1070 4500 1105 4560 in
1135 4497 1164 4558 V
1196 4500 1249 4559 est
1284 4499 1500 4559 annotatum:
1535 4493 1604 4574 ,ὡς
1633 4493 1706 4575 πρὸς
1736 4489 1780 4551 τὸν

563 4612 691 4673 Φειδίαν
711 4602 769 4672 οὖν
792 4607 812 4690 ἡ
835 4611 913 4672 καλὰ
936 4611 1032 4686 ξόανα
1055 4614 1249 4673 ποιοῦσα.”

603 4726 668 4787 Ubi
703 4727 917 4788 scribendum
952 4729 1021 4788 est:
1059 4726 1154 4805 „stobe
1189 4725 1242 4786 ιδν
1276 4726 1403 4786 Φειδίαν
1435 4716 1493 4786 οὖν
1523 4723 1571 4798 ὡς
1602 4722 1678 4785 καλὰ
1699 4721 1780 4796 ξόανα

559 4842 740 4902 scrobem?
765 4840 916 4903 Articuio
939 4835 960 4917 ἡ
984 4843 1045 4902 aut
1067 4840 1228 4902 feminino
1252 4841 1364 4916 generi
1387 4840 1500 4900 nullus
1522 4840 1626 4902 loeus.
