4067 5950
587 707 652 767 332
1030 723 1072 768 nr
1095 721 1204 767 rnxru
1226 722 1378 768 rannrro.

586 890 774 967 significare
797 894 908 967 potest
935 925 972 934 -
999 893 1039 953 ad
1065 891 1166 954 Oaros
1186 892 1351 966 quomodo
1370 894 1552 969 pertineret
1570 897 1609 953 ut
1619 894 1796 968 ostenderet,

585 1005 817 1080 ludimagister
835 1005 956 1078 aliquis
975 1006 1213 1081 superscripsit
1243 1003 1312 1081 ,bri
1334 1014 1395 1066 τῶν
1419 1005 1524 1078 λόφων
1548 1005 1699 1067 οἱκονσι”.
1722 1006 1797 1066 Sini-
1865 1044 1866 1082 ἶ

584 1118 653 1179 lem
676 1120 787 1180 iocum
810 1119 947 1195 praebet
965 1120 1053 1180 idem
1078 1120 1213 1181 verbum
1233 1120 1267 1179 in
1286 1119 1400 1180 fabula
1418 1123 1598 1180 coaetanea
1616 1120 1797 1194 Lysistrata,
1865 1166 1866 1170 ,

586 1232 642 1292 ubi
666 1233 787 1293 mulier
809 1233 947 1293 Boeotia
972 1232 1085 1309 ,uoltu
1110 1233 1217 1292 πεδίον
1243 1232 1342 1311 ἔχειν’
1366 1234 1488 1294 dicitur
1510 1234 1600 1308 (Lys.
1625 1235 1690 1304 88).

630 1460 725 1520 Nunc
755 1461 794 1521 de
818 1460 915 1535 locis,
939 1461 994 1521 ubi
1012 1462 1185 1536 proprium
1208 1476 1323 1521 comen
1346 1461 1552 1537 adscriptum
1576 1462 1692 1523 turbas
1714 1464 1800 1539 dedit,

585 1575 709 1649 aliquid
741 1577 793 1636 est
824 1574 1013 1635 dicendum.
1045 1574 1143 1636 Certa
1166 1576 1331 1649 quaedam
1356 1578 1390 1636 et
1413 1579 1528 1651 aperta
1551 1578 1802 1651 praemittemus,
1858 1596 1866 1650 *3

586 1688 699 1749 uthis
722 1690 772 1748 uti
796 1689 964 1763 possimus
987 1689 1027 1748 ad
1052 1689 1168 1749 abdita
1190 1690 1299 1763 magis
1322 1689 1407 1749 vitia
1429 1688 1629 1763 indaganda.

1856 1781 1858 1814 Ι

631 1804 876 1876 Nonnunquam
911 1804 992 1863 haec
1027 1818 1157 1877 quoque
1192 1806 1347 1864 monstra
1376 1804 1409 1863 in
1445 1818 1546 1864 coeno
1582 1805 1742 1878 codicum,
1773 1805 1803 1862 nt
1855 1827 1859 1890 ,l

586 1932 700 1977 mures
739 1917 773 1976 in
812 1916 892 1976 limo
930 1917 1105 1992 Aegyptio,
1141 1916 1299 1977 inchoata
1333 1916 1639 1993 deprehenduntur,
1674 1917 1801 1977 nondun

586 2031 742 2106 perfecta.
766 2030 819 2090 Sic
842 2030 1033 2104 Lysistrata
1054 2030 1168 2091 fabula
1190 2030 1223 2090 in
1249 2031 1360 2091 codice
1382 2031 1411 2091 R
1434 2032 1488 2091 his
1508 2032 1621 2092 verbis
1641 2032 1801 2092 clauditur:
1857 2058 1866 2073 .

808 2141 860 2202 καί
882 2141 938 2202 τὰν
962 2141 1030 2203 στὰν
1054 2138 1083 2202 δ’
1109 2141 1206 2203 αὐτὰν
1229 2145 1389 2222 κρατίσταν
1433 2205 1435 2208 ,
1532 2144 1584 2203 καὶ
1608 2143 1663 2223 τὴν
1686 2143 1727 2203 dc

808 2254 981 2335 χαλκίοικον
1003 2255 1093 2333 ίίμνει
1561 2232 1695 2312 ἅθηναν·

810 2392 865 2429 ταν
889 2370 1073 2448 παμμάχοντ
1098 2405 1139 2416 -

585 2490 624 2548 In
658 2487 791 2547 textum
827 2485 978 2545 codicum
1013 2485 1040 2544 B
1071 2488 1106 2545 et
1136 2485 1161 2543 P
1192 2486 1364 2560 receptum
1391 2489 1443 2546 est
1466 2487 1804 2561 interpretamentum

585 2601 709 2661 habent
740 2600 847 2659 enim:
879 2595 930 2656 καὶ
961 2595 1016 2657 τὰν
1047 2595 1117 2656 στὰν
1146 2594 1174 2656 δ’
1210 2596 1306 2659 αὐτὰν
1333 2599 1493 2678 κρατίσταν
1516 2598 1572 2676 τὴν
1596 2605 1727 2678 Ἀθηνᾶν
1748 2596 1804 2672 κτὲ.,
1855 2577 1859 2675 ί

586 2728 731 2775 errorem
757 2715 870 2773 autem
895 2711 1056 2772 articulus
1075 2725 1192 2786 parum
1213 2711 1346 2773 doricus
1365 2712 1420 2790 τήν
1440 2714 1594 2786 quamvis
1614 2714 1681 2774 levi
1700 2712 1805 2773 indicio
1855 2684 1859 2711 ⁴

586 2828 705 2903 prodit.
729 2825 903 2886 Emblema
926 2825 1137 2885 simillimum
1162 2826 1266 2886 simili
1289 2827 1410 2888 indicio
1434 2826 1583 2902 proditur
1608 2843 1657 2888 ve.
1685 2827 1778 2887 1262:
1864 2868 1866 2907 3

988 2934 1117 3019 ἀγροτέρ
1145 2936 1248 3019 ἅρτεμι
1273 2940 1445 3020 σηροκτόνε.

586 3056 651 3116 Ubi
681 3070 747 3115 non
772 3052 897 3133 ’Ἀρταμι
922 3088 962 3097 -
987 3055 1073 3127 quod
1101 3055 1230 3130 flagitat
1260 3056 1421 3117 dialectus
1447 3091 1486 3099 -
1512 3055 1722 3116 scribendum
1745 3069 1806 3115 esse

585 3168 643 3230 sed
663 3183 785 3228 nomen
804 3149 972 3243 proprium
992 3184 1067 3228 esse
1086 3169 1264 3230 delendum
1285 3170 1404 3231 docent
1427 3170 1571 3245 numeri,
1593 3185 1672 3231 nam
1696 3168 1804 3229 elisum

586 3297 605 3340 α
625 3283 724 3343 sonat
741 3281 870 3341 vitium.
892 3281 1100 3355 Quamquam
1120 3282 1298 3357 aliquando
1318 3282 1492 3343 tolerabile
1512 3283 1616 3344 videri
1640 3284 1673 3343 id
1696 3281 1803 3358 potuit,

586 3412 665 3457 nam
693 3396 826 3456 Thesm.
862 3396 945 3456 1077
979 3396 1080 3456 verba
1113 3388 1229 3476 ,dyde’
1264 3395 1378 3456 ἔκταν’
1407 3398 1623 3472 interpretari
1648 3389 1691 3472 ,ob
1714 3391 1805 3473 ἀγαθὴ

585 3508 698 3569 ἔασον”
722 3510 876 3570 iubemur
900 3509 934 3568 in
958 3510 1105 3571 scholiis.

632 3624 731 3684 Hisce
760 3623 861 3698 igitur
891 3623 973 3684 locis
1004 3623 1045 3684 ad
1076 3623 1190 3685 oculos
1220 3625 1445 3686 demonstrari
1472 3627 1585 3700 potest
1609 3640 1709 3685 error.
1730 3621 1806 3683 Alibi

584 3738 709 3798 mentis
740 3739 872 3797 tanturn
903 3736 1058 3798 acumine
1089 3740 1245 3799 cernitur.
1277 3739 1312 3799 E.
1343 3754 1374 3812 g.
1404 3739 1438 3798 in
1463 3736 1806 3814 'thesmophoriazusis
1865 3777 1866 3845 ρ

585 3852 654 3910 dux
673 3850 764 3910 chori
782 3851 816 3910 in
837 3849 972 3910 exordio
995 3865 1129 3924 precum
1154 3851 1386 3926 sollemnium,
1412 3866 1495 3925 quas
1519 3854 1629 3913 metro
1653 3867 1716 3912 non
1738 3851 1806 3910 sunt
1865 3853 1866 3856 ’

585 3965 778 4040 adstrictae,
804 3964 854 4024 sic
876 3964 1012 4025 invocat
1036 3965 1175 4026 numina
1198 3965 1344 4037 (Thesm.
1370 3966 1435 4025 296
1460 3971 1560 4039 spol:

1032 4075 1157 4157 εὔχεσθε
1182 4083 1248 4137 ταῖν
1267 4076 1288 4150 1)
1312 4077 1534 4157 θεσμοφόρων·

1031 4198 1079 4268 τῆν
1103 4189 1240 4270 δήμητρι·
1265 4189 1315 4250 καί
1338 4199 1386 4269 τῆν
1408 4190 1497 4270 κόρην

1032 4301 1082 4362 καὶ
1105 4312 1158 4363 τῶι
1181 4306 1313 4366 πλούτωι
1335 4301 1386 4364 καί
1409 4313 1456 4383 τῆν
1480 4305 1686 4385 καλλιγενείαι·

630 4414 687 4474 εἴτε
710 4437 746 4493 τη
771 4423 809 4495 γῆ
832 4414 889 4476 εἴτε
911 4424 948 4495 τῆ
1026 4415 1078 4477 καί
1100 4425 1149 4494 τῆν
1172 4419 1383 4498 κονροτρόφωι
1406 4427 1454 4497 τῆν
1476 4426 1538 4498 γῆν·

630 4503 712 4565 ἱστία
1025 4529 1076 4592 καί
1099 4539 1151 4591 τῶν
1175 4529 1262 4610 ἕρμῆι
1285 4527 1376 4604 καμ)
1399 4531 1526 4611 χάρισιν·

620 4711 641 4774 ¹)
657 4721 707 4761 vois
725 4714 903 4761 scribendum.

618 4790 640 4849 ²)
658 4790 798 4839 lnteroidit
814 4803 871 4847 ταῖς.
