<?xml version="1.0" encoding="UTF-8"?>
<!DOCTYPE html PUBLIC "-//W3C//DTD XHTML 1.0 Transitional//EN"
    "http://www.w3.org/TR/xhtml1/DTD/xhtml1-transitional.dtd">
<html xmlns="http://www.w3.org/1999/xhtml" xml:lang="en" lang="en">
 <head>
  <title>
</title>
<meta http-equiv="Content-Type" content="text/html;charset=utf-8" />
  <meta name='ocr-system' content='tesseract 3.04.00' />
  <meta name='ocr-capabilities' content='ocr_page ocr_carea ocr_par ocr_line ocrx_word'/>
</head>
<body>
  <div class='ocr_page' id='page_1' title='image "./prolegomenaadar01unkngoog_0021.png"; bbox 0 0 4067 5950; ppageno 0'>
   <div class='ocr_carea' id='block_1_1' title="bbox 748 715 1534 778">
    <p class='ocr_par' dir='ltr' id='par_1_1' title="bbox 748 715 1534 778">
     <span class='ocr_line' id='line_1_1' title="bbox 748 715 1534 778; baseline 0.011 -5"><span class='ocrx_word' id='word_1_1' title='bbox 748 729 828 775; x_wconf 75' lang='lat' dir='ltr'>vira</span> <span class='ocrx_word' id='word_1_2' title='bbox 851 731 890 775; x_wconf 83' lang='grc'>11</span> <span class='ocrx_word' id='word_1_3' title='bbox 917 733 1086 778; x_wconf 76' lang='lat' dir='ltr'>erneisus.</span> <span class='ocrx_word' id='word_1_4' title='bbox 1514 715 1534 774; x_wconf 83' lang='grc'>9</span> 
     </span>
    </p>
   </div>
   <div class='ocr_carea' id='block_1_2' title="bbox 299 898 1548 4604">
    <p class='ocr_par' dir='ltr' id='par_1_2' title="bbox 299 898 1541 2095">
     <span class='ocr_line' id='line_1_2' title="bbox 300 898 1536 977; baseline -0.002 -15"><span class='ocrx_word' id='word_1_5' title='bbox 300 917 320 962; x_wconf 87' lang='grc'>1</span> <span class='ocrx_word' id='word_1_6' title='bbox 349 902 446 964; x_wconf 90' lang='lat' dir='ltr'>bellis</span> <span class='ocrx_word' id='word_1_7' title='bbox 468 901 621 976; x_wconf 81' lang='lat' dir='ltr'>gerendis</span> <span class='ocrx_word' id='word_1_8' title='bbox 645 901 754 962; x_wconf 91' lang='lat' dir='ltr'>alieni.</span> <span class='ocrx_word' id='word_1_9' title='bbox 779 901 849 962; x_wconf 83' lang='lat' dir='ltr'>Non</span> <span class='ocrx_word' id='word_1_10' title='bbox 874 902 999 977; x_wconf 77' lang='lat' dir='ltr'>gloriae</span> <span class='ocrx_word' id='word_1_11' title='bbox 1022 902 1132 963; x_wconf 87' lang='lat' dir='ltr'>studio</span> <span class='ocrx_word' id='word_1_12' title='bbox 1156 900 1430 975; x_wconf 78' lang='lat' dir='ltr'>impellebantur:</span> <span class='ocrx_word' id='word_1_13' title='bbox 1453 898 1536 959; x_wconf 90' lang='lat' dir='ltr'>bene</span> 
     </span>
     <span class='ocr_line' id='line_1_3' title="bbox 299 1012 1541 1099; baseline -0.003 -24"><span class='ocrx_word' id='word_1_14' title='bbox 299 1018 373 1075; x_wconf 91' lang='lat' dir='ltr'>erat</span> <span class='ocrx_word' id='word_1_15' title='bbox 396 1015 426 1074; x_wconf 94' lang='grc'>11</span> <span class='ocrx_word' id='word_1_16' title='bbox 449 1016 573 1076; x_wconf 89' lang='lat' dir='ltr'>missos</span> <span class='ocrx_word' id='word_1_17' title='bbox 597 1029 653 1075; x_wconf 87' lang='lat' dir='ltr'>eos</span> <span class='ocrx_word' id='word_1_18' title='bbox 677 1014 825 1074; x_wconf 86' lang='lat' dir='ltr'>facerent</span> <span class='ocrx_word' id='word_1_19' title='bbox 855 1018 972 1088; x_wconf 85' lang='lat' dir='ltr'>gentes</span> <span class='ocrx_word' id='word_1_20' title='bbox 997 1017 1126 1075; x_wconf 86' lang='lat' dir='ltr'>ceterae</span> <span class='ocrx_word' id='word_1_21' title='bbox 1150 1016 1182 1073; x_wconf 90' lang='grc'>11</span> <span class='ocrx_word' id='word_1_22' title='bbox 1204 1014 1238 1073; x_wconf 86' lang='grc'>111</span> <span class='ocrx_word' id='word_1_23' title='bbox 1260 1028 1321 1074; x_wconf 87' lang='lat' dir='ltr'>sua</span> <span class='ocrx_word' id='word_1_24' title='bbox 1343 1029 1381 1073; x_wconf 91' lang='lat' dir='ltr'>se</span> <span class='ocrx_word' id='word_1_25' title='bbox 1404 1012 1541 1099; x_wconf 82' lang='lat' dir='ltr'>regione</span> 
     </span>
     <span class='ocr_line' id='line_1_4' title="bbox 299 1126 1537 1203; baseline -0.002 -16"><span class='ocrx_word' id='word_1_26' title='bbox 299 1128 449 1188; x_wconf 84' lang='lat' dir='ltr'>sinerent</span> <span class='ocrx_word' id='word_1_27' title='bbox 472 1127 663 1203; x_wconf 91' lang='lat' dir='ltr'>imperitare</span> <span class='ocrx_word' id='word_1_28' title='bbox 687 1128 826 1202; x_wconf 80' lang='lat' dir='ltr'><strong>paganis</strong></span> <span class='ocrx_word' id='word_1_29' title='bbox 851 1127 939 1187; x_wconf 87' lang='lat' dir='ltr'>vitae</span> <span class='ocrx_word' id='word_1_30' title='bbox 963 1142 1082 1202; x_wconf 91' lang='lat' dir='ltr'>parum</span> <span class='ocrx_word' id='word_1_31' title='bbox 1101 1126 1266 1187; x_wconf 81' lang='lat' dir='ltr'>humanae</span> <span class='ocrx_word' id='word_1_32' title='bbox 1284 1140 1452 1200; x_wconf 88' lang='lat' dir='ltr'>nunquam</span> <span class='ocrx_word' id='word_1_33' title='bbox 1471 1140 1537 1184; x_wconf 93' lang='lat' dir='ltr'>non</span> 
     </span>
     <span class='ocr_line' id='line_1_5' title="bbox 300 1211 1539 1314; baseline -0.004 -14"><span class='ocrx_word' id='word_1_34' title='bbox 300 1240 464 1314; x_wconf 82' lang='lat' dir='ltr'>pertaesis</span> <span class='ocrx_word' id='word_1_35' title='bbox 484 1241 518 1302; x_wconf 90' lang='lat' dir='ltr'>et</span> <span class='ocrx_word' id='word_1_36' title='bbox 537 1239 702 1300; x_wconf 85' lang='lat' dir='ltr'>libertatis</span> <span class='ocrx_word' id='word_1_37' title='bbox 722 1241 876 1312; x_wconf 85' lang='lat' dir='ltr'>quamvis</span> <span class='ocrx_word' id='word_1_38' title='bbox 896 1255 1011 1300; x_wconf 86' lang='lat' dir='ltr'>auram</span> <span class='ocrx_word' id='word_1_39' title='bbox 1033 1240 1129 1300; x_wconf 87' lang='lat' dir='ltr'>avide</span> <span class='ocrx_word' id='word_1_40' title='bbox 1148 1211 1539 1314; x_wconf 61' lang='lat' dir='ltr'>captantiuassdultioris</span> 
     </span>
     <span class='ocr_line' id='line_1_6' title="bbox 301 1352 1539 1430; baseline -0.003 -16"><span class='ocrx_word' id='word_1_41' title='bbox 301 1355 392 1414; x_wconf 89' lang='lat' dir='ltr'>vitae</span> <span class='ocrx_word' id='word_1_42' title='bbox 423 1368 535 1414; x_wconf 90' lang='lat' dir='ltr'>curam</span> <span class='ocrx_word' id='word_1_43' title='bbox 567 1353 693 1414; x_wconf 91' lang='lat' dir='ltr'>nullam</span> <span class='ocrx_word' id='word_1_44' title='bbox 726 1352 905 1430; x_wconf 88' lang='lat' dir='ltr'>habebant,</span> <span class='ocrx_word' id='word_1_45' title='bbox 931 1355 1047 1428; x_wconf 82' lang='lat' dir='ltr'>ignota</span> <span class='ocrx_word' id='word_1_46' title='bbox 1070 1353 1328 1414; x_wconf 82' lang='lat' dir='ltr'>reformidantes</span> <span class='ocrx_word' id='word_1_47' title='bbox 1350 1367 1484 1426; x_wconf 88' lang='lat' dir='ltr'>semper</span> <span class='ocrx_word' id='word_1_48' title='bbox 1505 1353 1539 1410; x_wconf 91' lang='lat' dir='ltr'>et</span> 
     </span>
     <span class='ocr_line' id='line_1_7' title="bbox 301 1465 1537 1541; baseline -0.002 -14"><span class='ocrx_word' id='word_1_49' title='bbox 301 1483 379 1528; x_wconf 91' lang='lat' dir='ltr'>oum</span> <span class='ocrx_word' id='word_1_50' title='bbox 408 1469 578 1527; x_wconf 90' lang='lat' dir='ltr'>contemtu</span> <span class='ocrx_word' id='word_1_51' title='bbox 603 1481 680 1526; x_wconf 88' lang='lat' dir='ltr'>vere</span> <span class='ocrx_word' id='word_1_52' title='bbox 707 1466 830 1527; x_wconf 91' lang='lat' dir='ltr'>rustico</span> <span class='ocrx_word' id='word_1_53' title='bbox 865 1466 1018 1541; x_wconf 85' lang='lat' dir='ltr'>quicquid</span> <span class='ocrx_word' id='word_1_54' title='bbox 1049 1466 1223 1527; x_wconf 89' lang='lat' dir='ltr'>insolitum</span> <span class='ocrx_word' id='word_1_55' title='bbox 1255 1468 1347 1526; x_wconf 90' lang='lat' dir='ltr'>esset</span> <span class='ocrx_word' id='word_1_56' title='bbox 1380 1465 1537 1539; x_wconf 90' lang='lat' dir='ltr'>repellen-</span> 
     </span>
     <span class='ocr_line' id='line_1_8' title="bbox 301 1578 1537 1656; baseline -0.002 -16"><span class='ocrx_word' id='word_1_57' title='bbox 301 1584 367 1656; x_wconf 86' lang='lat' dir='ltr'>tes,</span> <span class='ocrx_word' id='word_1_58' title='bbox 390 1613 433 1622; x_wconf 91' lang='lat'>—</span> <span class='ocrx_word' id='word_1_59' title='bbox 452 1581 569 1655; x_wconf 90' lang='lat' dir='ltr'>quippe</span> <span class='ocrx_word' id='word_1_60' title='bbox 586 1578 706 1654; x_wconf 88' lang='lat' dir='ltr'>quibus</span> <span class='ocrx_word' id='word_1_61' title='bbox 722 1594 919 1655; x_wconf 87' lang='lat' dir='ltr'>persuasum</span> <span class='ocrx_word' id='word_1_62' title='bbox 938 1583 1030 1642; x_wconf 88' lang='lat' dir='ltr'>esset</span> <span class='ocrx_word' id='word_1_63' title='bbox 1046 1581 1173 1642; x_wconf 92' lang='lat' dir='ltr'>nullam</span> <span class='ocrx_word' id='word_1_64' title='bbox 1193 1595 1303 1643; x_wconf 91' lang='lat' dir='ltr'>rerum</span> <span class='ocrx_word' id='word_1_65' title='bbox 1317 1580 1537 1640; x_wconf 84' lang='lat' dir='ltr'>mutationem</span> 
     </span>
     <span class='ocr_line' id='line_1_9' title="bbox 302 1692 1538 1768; baseline -0.003 -14"><span class='ocrx_word' id='word_1_66' title='bbox 302 1694 442 1754; x_wconf 88' lang='lat' dir='ltr'>meliora</span> <span class='ocrx_word' id='word_1_67' title='bbox 464 1694 581 1754; x_wconf 85' lang='lat' dir='ltr'>afferre</span> <span class='ocrx_word' id='word_1_68' title='bbox 605 1707 715 1768; x_wconf 88' lang='lat' dir='ltr'>posse,</span> <span class='ocrx_word' id='word_1_69' title='bbox 741 1693 922 1768; x_wconf 92' lang='lat' dir='ltr'>periculum</span> <span class='ocrx_word' id='word_1_70' title='bbox 952 1697 1065 1754; x_wconf 88' lang='lat' dir='ltr'>autem</span> <span class='ocrx_word' id='word_1_71' title='bbox 1096 1694 1225 1755; x_wconf 87' lang='lat' dir='ltr'>instare</span> <span class='ocrx_word' id='word_1_72' title='bbox 1248 1693 1485 1768; x_wconf 82' lang='lat' dir='ltr'>gravissimum</span> <span class='ocrx_word' id='word_1_73' title='bbox 1509 1692 1538 1752; x_wconf 90' lang='lat' dir='ltr'>si</span> 
     </span>
     <span class='ocr_line' id='line_1_10' title="bbox 304 1805 1540 1883; baseline -0.002 -16"><span class='ocrx_word' id='word_1_74' title='bbox 304 1808 346 1867; x_wconf 92' lang='lat' dir='ltr'>ab</span> <span class='ocrx_word' id='word_1_75' title='bbox 377 1807 543 1867; x_wconf 87' lang='lat' dir='ltr'>institutis</span> <span class='ocrx_word' id='word_1_76' title='bbox 573 1806 690 1882; x_wconf 90' lang='lat' dir='ltr'>patriis</span> <span class='ocrx_word' id='word_1_77' title='bbox 714 1806 948 1868; x_wconf 85' lang='lat' dir='ltr'>discederetur.</span> <span class='ocrx_word' id='word_1_78' title='bbox 980 1807 1027 1868; x_wconf 90' lang='lat' dir='ltr'>Ut</span> <span class='ocrx_word' id='word_1_79' title='bbox 1048 1809 1194 1883; x_wconf 90' lang='lat' dir='ltr'>primum</span> <span class='ocrx_word' id='word_1_80' title='bbox 1218 1807 1259 1867; x_wconf 90' lang='lat' dir='ltr'>ab</span> <span class='ocrx_word' id='word_1_81' title='bbox 1282 1822 1396 1867; x_wconf 88' lang='lat' dir='ltr'>eorum</span> <span class='ocrx_word' id='word_1_82' title='bbox 1421 1805 1540 1866; x_wconf 86' lang='lat' dir='ltr'>tinibus</span> 
     </span>
     <span class='ocr_line' id='line_1_11' title="bbox 303 1919 1538 1997; baseline -0.004 -15"><span class='ocrx_word' id='word_1_83' title='bbox 303 1923 514 1982; x_wconf 86' lang='lat' dir='ltr'>recesserunt</span> <span class='ocrx_word' id='word_1_84' title='bbox 537 1919 670 1995; x_wconf 87' lang='lat' dir='ltr'>Persae,</span> <span class='ocrx_word' id='word_1_85' title='bbox 695 1920 958 1982; x_wconf 82' lang='lat' dir='ltr'>Atheniensibus</span> <span class='ocrx_word' id='word_1_86' title='bbox 980 1922 1103 1982; x_wconf 89' lang='lat' dir='ltr'>bellum</span> <span class='ocrx_word' id='word_1_87' title='bbox 1128 1922 1309 1997; x_wconf 84' lang='lat' dir='ltr'>gerendum</span> <span class='ocrx_word' id='word_1_88' title='bbox 1333 1920 1538 1993; x_wconf 86' lang='lat' dir='ltr'>reliquerunt</span> 
     </span>
     <span class='ocr_line' id='line_1_12' title="bbox 303 2035 537 2095; baseline 0 -1"><span class='ocrx_word' id='word_1_89' title='bbox 303 2035 537 2095; x_wconf 88' lang='lat' dir='ltr'>libentissime.</span> 
     </span>
    </p>

    <p class='ocr_par' dir='ltr' id='par_1_3' title="bbox 306 2146 1543 2903">
     <span class='ocr_line' id='line_1_13' title="bbox 350 2146 1539 2223; baseline -0.002 -15"><span class='ocrx_word' id='word_1_90' title='bbox 350 2149 421 2208; x_wconf 91' lang='lat' dir='ltr'>Non</span> <span class='ocrx_word' id='word_1_91' title='bbox 452 2146 560 2207; x_wconf 90' lang='lat' dir='ltr'>floridi</span> <span class='ocrx_word' id='word_1_92' title='bbox 590 2147 692 2222; x_wconf 83' lang='lat' dir='ltr'>igitur</span> <span class='ocrx_word' id='word_1_93' title='bbox 720 2149 847 2208; x_wconf 89' lang='lat' dir='ltr'>roboris</span> <span class='ocrx_word' id='word_1_94' title='bbox 869 2148 1001 2223; x_wconf 85' lang='lat' dir='ltr'>signum</span> <span class='ocrx_word' id='word_1_95' title='bbox 1028 2151 1100 2208; x_wconf 90' lang='lat' dir='ltr'>erat</span> <span class='ocrx_word' id='word_1_96' title='bbox 1122 2150 1215 2223; x_wconf 86' lang='lat' dir='ltr'>quies</span> <span class='ocrx_word' id='word_1_97' title='bbox 1238 2148 1297 2208; x_wconf 90' lang='lat' dir='ltr'>illa</span> <span class='ocrx_word' id='word_1_98' title='bbox 1319 2148 1367 2208; x_wconf 91' lang='lat' dir='ltr'>rei</span> <span class='ocrx_word' id='word_1_99' title='bbox 1391 2147 1539 2222; x_wconf 87' lang='lat' dir='ltr'>publicae</span> 
     </span>
     <span class='ocr_line' id='line_1_14' title="bbox 306 2261 1542 2338; baseline -0.001 -16"><span class='ocrx_word' id='word_1_100' title='bbox 306 2262 642 2322; x_wconf 88' lang='lat' dir='ltr'>Lacedaemoniorum</span> <span class='ocrx_word' id='word_1_101' title='bbox 675 2263 773 2334; x_wconf 89' lang='lat' dir='ltr'>atque</span> <span class='ocrx_word' id='word_1_102' title='bbox 805 2276 936 2322; x_wconf 89' lang='lat' dir='ltr'>morum</span> <span class='ocrx_word' id='word_1_103' title='bbox 960 2262 1142 2338; x_wconf 90' lang='lat' dir='ltr'>stabilitas,</span> <span class='ocrx_word' id='word_1_104' title='bbox 1167 2263 1225 2322; x_wconf 92' lang='lat' dir='ltr'>sed</span> <span class='ocrx_word' id='word_1_105' title='bbox 1248 2263 1362 2335; x_wconf 90' lang='lat' dir='ltr'>torpor</span> <span class='ocrx_word' id='word_1_106' title='bbox 1385 2261 1542 2321; x_wconf 87' lang='lat' dir='ltr'>dicendus</span> 
     </span>
     <span class='ocr_line' id='line_1_15' title="bbox 307 2374 1540 2451; baseline -0.002 -17"><span class='ocrx_word' id='word_1_107' title='bbox 307 2379 379 2434; x_wconf 89' lang='grc'><strong>1111</strong></span> <span class='ocrx_word' id='word_1_108' title='bbox 407 2376 519 2451; x_wconf 91' lang='lat' dir='ltr'>potius</span> <span class='ocrx_word' id='word_1_109' title='bbox 550 2374 716 2435; x_wconf 89' lang='lat' dir='ltr'>labantem</span> <span class='ocrx_word' id='word_1_110' title='bbox 741 2374 966 2436; x_wconf 89' lang='lat' dir='ltr'>valetudinem</span> <span class='ocrx_word' id='word_1_111' title='bbox 995 2378 1030 2435; x_wconf 93' lang='lat' dir='ltr'>et</span> <span class='ocrx_word' id='word_1_112' title='bbox 1052 2376 1246 2450; x_wconf 82' lang='lat' dir='ltr'>languorem</span> <span class='ocrx_word' id='word_1_113' title='bbox 1270 2376 1421 2450; x_wconf 91' lang='lat' dir='ltr'>prodens.</span> <span class='ocrx_word' id='word_1_114' title='bbox 1445 2375 1486 2434; x_wconf 85' lang='grc'>111</span> <span class='ocrx_word' id='word_1_115' title='bbox 1507 2374 1540 2432; x_wconf 93' lang='lat' dir='ltr'>id</span> 
     </span>
     <span class='ocr_line' id='line_1_16' title="bbox 306 2487 1543 2564; baseline -0.002 -16"><span class='ocrx_word' id='word_1_116' title='bbox 306 2489 440 2562; x_wconf 86' lang='lat' dir='ltr'>quidem</span> <span class='ocrx_word' id='word_1_117' title='bbox 473 2489 699 2550; x_wconf 85' lang='lat' dir='ltr'>certissimum</span> <span class='ocrx_word' id='word_1_118' title='bbox 730 2490 820 2562; x_wconf 83' lang='grc'><strong>1111,</strong></span> <span class='ocrx_word' id='word_1_119' title='bbox 841 2503 905 2548; x_wconf 91' lang='lat' dir='ltr'>uon</span> <span class='ocrx_word' id='word_1_120' title='bbox 930 2487 970 2548; x_wconf 89' lang='lat' dir='ltr'>ab</span> <span class='ocrx_word' id='word_1_121' title='bbox 993 2488 1136 2549; x_wconf 81' lang='lat' dir='ltr'>Eurotae</span> <span class='ocrx_word' id='word_1_122' title='bbox 1160 2489 1241 2564; x_wconf 91' lang='lat' dir='ltr'>ripis</span> <span class='ocrx_word' id='word_1_123' title='bbox 1263 2491 1444 2548; x_wconf 91' lang='lat' dir='ltr'>venturum</span> <span class='ocrx_word' id='word_1_124' title='bbox 1468 2502 1543 2547; x_wconf 90' lang='lat' dir='ltr'>esse</span> 
     </span>
     <span class='ocr_line' id='line_1_17' title="bbox 306 2600 1541 2678; baseline 0.002 -18"><span class='ocrx_word' id='word_1_125' title='bbox 306 2603 391 2674; x_wconf 92' lang='lat' dir='ltr'>quod</span> <span class='ocrx_word' id='word_1_126' title='bbox 423 2601 543 2663; x_wconf 88' lang='grc'><strong>1111111</strong></span> <span class='ocrx_word' id='word_1_127' title='bbox 574 2601 728 2674; x_wconf 83' lang='lat' dir='ltr'>gentibus</span> <span class='ocrx_word' id='word_1_128' title='bbox 759 2600 892 2661; x_wconf 77' lang='lat' dir='ltr'>Graecis</span> <span class='ocrx_word' id='word_1_129' title='bbox 918 2615 1025 2662; x_wconf 89' lang='lat' dir='ltr'>novas</span> <span class='ocrx_word' id='word_1_130' title='bbox 1048 2602 1121 2662; x_wconf 87' lang='lat' dir='ltr'>vias</span> <span class='ocrx_word' id='word_1_131' title='bbox 1143 2602 1336 2662; x_wconf 89' lang='lat' dir='ltr'>ineuntibus</span> <span class='ocrx_word' id='word_1_132' title='bbox 1358 2602 1541 2678; x_wconf 86' lang='lat' dir='ltr'>prodesset.</span> 
     </span>
     <span class='ocr_line' id='line_1_18' title="bbox 306 2712 1543 2790; baseline 0 -16"><span class='ocrx_word' id='word_1_133' title='bbox 306 2714 382 2774; x_wconf 85' lang='lat' dir='ltr'>Una</span> <span class='ocrx_word' id='word_1_134' title='bbox 412 2714 667 2776; x_wconf 88' lang='lat' dir='ltr'>Atheniensium</span> <span class='ocrx_word' id='word_1_135' title='bbox 699 2713 818 2774; x_wconf 89' lang='grc'><strong>1111111</strong></span> <span class='ocrx_word' id='word_1_136' title='bbox 842 2712 988 2776; x_wconf 89' lang='lat' dir='ltr'>habebat</span> <span class='ocrx_word' id='word_1_137' title='bbox 1006 2730 1071 2790; x_wconf 85' lang='lat' dir='ltr'>quo</span> <span class='ocrx_word' id='word_1_138' title='bbox 1095 2715 1204 2775; x_wconf 90' lang='lat' dir='ltr'>hostis</span> <span class='ocrx_word' id='word_1_139' title='bbox 1227 2715 1415 2777; x_wconf 90' lang='lat' dir='ltr'>communis</span> <span class='ocrx_word' id='word_1_140' title='bbox 1439 2715 1543 2776; x_wconf 86' lang='lat' dir='ltr'>arceri</span> 
     </span>
     <span class='ocr_line' id='line_1_19' title="bbox 307 2827 1166 2903; baseline 0 -15"><span class='ocrx_word' id='word_1_141' title='bbox 307 2829 422 2903; x_wconf 87' lang='lat' dir='ltr'>posset</span> <span class='ocrx_word' id='word_1_142' title='bbox 444 2830 477 2888; x_wconf 90' lang='lat' dir='ltr'>et</span> <span class='ocrx_word' id='word_1_143' title='bbox 499 2829 603 2888; x_wconf 89' lang='lat' dir='ltr'>maris</span> <span class='ocrx_word' id='word_1_144' title='bbox 626 2827 812 2888; x_wconf 90' lang='lat' dir='ltr'>dominium</span> <span class='ocrx_word' id='word_1_145' title='bbox 837 2828 970 2889; x_wconf 79' lang='lat' dir='ltr'>Graecis</span> <span class='ocrx_word' id='word_1_146' title='bbox 995 2828 1166 2889; x_wconf 88' lang='lat' dir='ltr'>vindicari.</span> 
     </span>
    </p>

    <p class='ocr_par' dir='ltr' id='par_1_4' title="bbox 306 2941 1548 4604">
     <span class='ocr_line' id='line_1_20' title="bbox 350 2941 1541 3018; baseline 0.001 -16"><span class='ocrx_word' id='word_1_147' title='bbox 350 2942 415 3002; x_wconf 85' lang='lat' dir='ltr'>Sed</span> <span class='ocrx_word' id='word_1_148' title='bbox 446 2941 702 3003; x_wconf 76' lang='lat' dir='ltr'>Atheniensium</span> <span class='ocrx_word' id='word_1_149' title='bbox 734 2942 853 3003; x_wconf 89' lang='lat' dir='ltr'>civitas</span> <span class='ocrx_word' id='word_1_150' title='bbox 876 2943 1065 3018; x_wconf 86' lang='lat' dir='ltr'>quaenam?</span> <span class='ocrx_word' id='word_1_151' title='bbox 1088 2956 1167 3003; x_wconf 90' lang='lat' dir='ltr'>nam</span> <span class='ocrx_word' id='word_1_152' title='bbox 1191 2942 1275 3004; x_wconf 87' lang='lat' dir='ltr'>duae</span> <span class='ocrx_word' id='word_1_153' title='bbox 1299 2942 1339 3004; x_wconf 90' lang='lat' dir='ltr'>ad</span> <span class='ocrx_word' id='word_1_154' title='bbox 1363 2944 1541 3004; x_wconf 86' lang='lat' dir='ltr'>minimum</span> 
     </span>
     <span class='ocr_line' id='line_1_21' title="bbox 307 3055 1542 3132; baseline 0.001 -16"><span class='ocrx_word' id='word_1_155' title='bbox 307 3060 415 3132; x_wconf 89' lang='lat' dir='ltr'>erant,</span> <span class='ocrx_word' id='word_1_156' title='bbox 436 3058 547 3131; x_wconf 87' lang='lat' dir='ltr'>prisca</span> <span class='ocrx_word' id='word_1_157' title='bbox 567 3059 600 3117; x_wconf 90' lang='lat' dir='ltr'>et</span> <span class='ocrx_word' id='word_1_158' title='bbox 620 3071 747 3117; x_wconf 89' lang='lat' dir='ltr'>recens.</span> <span class='ocrx_word' id='word_1_159' title='bbox 768 3055 887 3130; x_wconf 77' lang='lat' dir='ltr'>Quinto</span> <span class='ocrx_word' id='word_1_160' title='bbox 908 3060 986 3117; x_wconf 89' lang='lat' dir='ltr'>ante</span> <span class='ocrx_word' id='word_1_161' title='bbox 1005 3055 1173 3116; x_wconf 78' lang='lat' dir='ltr'>Christum</span> <span class='ocrx_word' id='word_1_162' title='bbox 1185 3057 1318 3118; x_wconf 89' lang='lat' dir='ltr'>saeculo</span> <span class='ocrx_word' id='word_1_163' title='bbox 1331 3056 1379 3118; x_wconf 92' lang='lat' dir='ltr'>sic</span> <span class='ocrx_word' id='word_1_164' title='bbox 1391 3060 1542 3117; x_wconf 87' lang='lat' dir='ltr'>mutatae</span> 
     </span>
     <span class='ocr_line' id='line_1_22' title="bbox 306 3167 1542 3244; baseline -0.001 -15"><span class='ocrx_word' id='word_1_165' title='bbox 306 3174 386 3230; x_wconf 90' lang='lat' dir='ltr'>sunt</span> <span class='ocrx_word' id='word_1_166' title='bbox 409 3170 561 3231; x_wconf 87' lang='lat' dir='ltr'>Athenae</span> <span class='ocrx_word' id='word_1_167' title='bbox 584 3172 623 3230; x_wconf 92' lang='lat' dir='ltr'>ut</span> <span class='ocrx_word' id='word_1_168' title='bbox 642 3184 741 3229; x_wconf 85' lang='lat' dir='ltr'>eruca</span> <span class='ocrx_word' id='word_1_169' title='bbox 761 3184 836 3229; x_wconf 92' lang='lat' dir='ltr'>cum</span> <span class='ocrx_word' id='word_1_170' title='bbox 856 3167 893 3228; x_wconf 89' lang='lat' dir='ltr'>iit</span> <span class='ocrx_word' id='word_1_171' title='bbox 911 3168 1042 3244; x_wconf 92' lang='lat' dir='ltr'>papilio.</span> <span class='ocrx_word' id='word_1_172' title='bbox 1062 3169 1244 3230; x_wconf 82' lang='lat' dir='ltr'>Terrenum</span> <span class='ocrx_word' id='word_1_173' title='bbox 1263 3170 1440 3243; x_wconf 91' lang='lat' dir='ltr'>imperium</span> <span class='ocrx_word' id='word_1_174' title='bbox 1461 3169 1542 3229; x_wconf 85' lang='lat' dir='ltr'>abiit</span> 
     </span>
     <span class='ocr_line' id='line_1_23' title="bbox 306 3282 1542 3359; baseline -0.002 -15"><span class='ocrx_word' id='word_1_175' title='bbox 306 3286 339 3344; x_wconf 94' lang='lat' dir='ltr'>in</span> <span class='ocrx_word' id='word_1_176' title='bbox 359 3285 585 3359; x_wconf 90' lang='lat' dir='ltr'>maritimum,</span> <span class='ocrx_word' id='word_1_177' title='bbox 605 3284 640 3343; x_wconf 92' lang='grc'>11</span> <span class='ocrx_word' id='word_1_178' title='bbox 658 3282 939 3355; x_wconf 90' lang='lat' dir='ltr'>quemadmodum</span> <span class='ocrx_word' id='word_1_179' title='bbox 959 3282 1086 3359; x_wconf 84' lang='lat' dir='ltr'>larvae,</span> <span class='ocrx_word' id='word_1_180' title='bbox 1106 3282 1184 3342; x_wconf 92' lang='lat' dir='ltr'>dum</span> <span class='ocrx_word' id='word_1_181' title='bbox 1205 3285 1356 3343; x_wconf 90' lang='lat' dir='ltr'>mutatur</span> <span class='ocrx_word' id='word_1_182' title='bbox 1370 3282 1542 3343; x_wconf 87' lang='lat' dir='ltr'>inanimal</span> 
     </span>
     <span class='ocr_line' id='line_1_24' title="bbox 306 3395 1540 3473; baseline -0.003 -15"><span class='ocrx_word' id='word_1_183' title='bbox 306 3399 469 3473; x_wconf 86' lang='lat' dir='ltr'>adultum,</span> <span class='ocrx_word' id='word_1_184' title='bbox 490 3398 541 3458; x_wconf 92' lang='lat' dir='ltr'>cui</span> <span class='ocrx_word' id='word_1_185' title='bbox 562 3396 651 3457; x_wconf 90' lang='lat' dir='ltr'>aliud</span> <span class='ocrx_word' id='word_1_186' title='bbox 672 3396 810 3470; x_wconf 89' lang='lat' dir='ltr'>posthac</span> <span class='ocrx_word' id='word_1_187' title='bbox 829 3397 970 3456; x_wconf 89' lang='lat' dir='ltr'>naturae</span> <span class='ocrx_word' id='word_1_188' title='bbox 991 3396 1196 3456; x_wconf 89' lang='lat' dir='ltr'>elementum</span> <span class='ocrx_word' id='word_1_189' title='bbox 1220 3395 1439 3455; x_wconf 90' lang='lat' dir='ltr'>habitandum</span> <span class='ocrx_word' id='word_1_190' title='bbox 1463 3396 1540 3469; x_wconf 92' lang='lat' dir='ltr'>erit,</span> 
     </span>
     <span class='ocr_line' id='line_1_25' title="bbox 307 3509 1544 3585; baseline -0.004 -12"><span class='ocrx_word' id='word_1_191' title='bbox 307 3517 399 3573; x_wconf 87' lang='lat' dir='ltr'>artus</span> <span class='ocrx_word' id='word_1_192' title='bbox 430 3515 464 3574; x_wconf 90' lang='lat' dir='ltr'>et</span> <span class='ocrx_word' id='word_1_193' title='bbox 492 3511 654 3571; x_wconf 88' lang='lat' dir='ltr'>intestina</span> <span class='ocrx_word' id='word_1_194' title='bbox 684 3509 748 3570; x_wconf 90' lang='lat' dir='ltr'>alia</span> <span class='ocrx_word' id='word_1_195' title='bbox 774 3509 981 3584; x_wconf 87' lang='lat' dir='ltr'>decrescunt,</span> <span class='ocrx_word' id='word_1_196' title='bbox 1014 3509 1079 3569; x_wconf 91' lang='lat' dir='ltr'>alia</span> <span class='ocrx_word' id='word_1_197' title='bbox 1102 3509 1186 3569; x_wconf 90' lang='lat' dir='ltr'>mire</span> <span class='ocrx_word' id='word_1_198' title='bbox 1215 3513 1415 3585; x_wconf 83' lang='lat' dir='ltr'>augescunt,</span> <span class='ocrx_word' id='word_1_199' title='bbox 1438 3510 1488 3569; x_wconf 91' lang='grc'>111</span> <span class='ocrx_word' id='word_1_200' title='bbox 1511 3511 1544 3569; x_wconf 91' lang='grc'>11</span> 
     </span>
     <span class='ocr_line' id='line_1_26' title="bbox 307 3623 1541 3697; baseline -0.004 -11"><span class='ocrx_word' id='word_1_201' title='bbox 307 3626 453 3687; x_wconf 89' lang='grc'><strong>111111111</strong></span> <span class='ocrx_word' id='word_1_202' title='bbox 472 3624 729 3686; x_wconf 87' lang='lat' dir='ltr'>Atheniensium</span> <span class='ocrx_word' id='word_1_203' title='bbox 749 3625 861 3697; x_wconf 88' lang='lat' dir='ltr'>partes</span> <span class='ocrx_word' id='word_1_204' title='bbox 874 3623 1038 3696; x_wconf 89' lang='lat' dir='ltr'>quaedam</span> <span class='ocrx_word' id='word_1_205' title='bbox 1051 3637 1256 3683; x_wconf 85' lang='lat' dir='ltr'>marcescere</span> <span class='ocrx_word' id='word_1_206' title='bbox 1269 3623 1337 3683; x_wconf 91' lang='lat' dir='ltr'>iam</span> <span class='ocrx_word' id='word_1_207' title='bbox 1350 3625 1541 3697; x_wconf 88' lang='lat' dir='ltr'>coeperunt,</span> 
     </span>
     <span class='ocr_line' id='line_1_27' title="bbox 308 3734 1543 3814; baseline -0.003 -15"><span class='ocrx_word' id='word_1_208' title='bbox 308 3739 426 3813; x_wconf 91' lang='lat' dir='ltr'>quibus</span> <span class='ocrx_word' id='word_1_209' title='bbox 457 3742 546 3814; x_wconf 91' lang='lat' dir='ltr'>tum,</span> <span class='ocrx_word' id='word_1_210' title='bbox 571 3753 645 3799; x_wconf 92' lang='lat' dir='ltr'>cum</span> <span class='ocrx_word' id='word_1_211' title='bbox 672 3738 705 3796; x_wconf 89' lang='lat' dir='ltr'>in</span> <span class='ocrx_word' id='word_1_212' title='bbox 737 3738 828 3796; x_wconf 88' lang='lat' dir='ltr'>terra</span> <span class='ocrx_word' id='word_1_213' title='bbox 858 3734 956 3797; x_wconf 88' lang='lat' dir='ltr'>firma</span> <span class='ocrx_word' id='word_1_214' title='bbox 981 3738 1093 3796; x_wconf 92' lang='lat' dir='ltr'>omnis</span> <span class='ocrx_word' id='word_1_215' title='bbox 1123 3751 1200 3811; x_wconf 91' lang='lat' dir='ltr'>spes</span> <span class='ocrx_word' id='word_1_216' title='bbox 1231 3739 1316 3811; x_wconf 90' lang='lat' dir='ltr'>erat,</span> <span class='ocrx_word' id='word_1_217' title='bbox 1348 3736 1443 3796; x_wconf 89' lang='lat' dir='ltr'>salva</span> <span class='ocrx_word' id='word_1_218' title='bbox 1476 3736 1543 3795; x_wconf 92' lang='lat' dir='ltr'>vita</span> 
     </span>
     <span class='ocr_line' id='line_1_28' title="bbox 308 3849 1544 3926; baseline -0.003 -15"><span class='ocrx_word' id='word_1_219' title='bbox 308 3868 419 3913; x_wconf 86' lang='lat' dir='ltr'>carere</span> <span class='ocrx_word' id='word_1_220' title='bbox 453 3867 519 3912; x_wconf 91' lang='lat' dir='ltr'>non</span> <span class='ocrx_word' id='word_1_221' title='bbox 554 3850 732 3926; x_wconf 87' lang='lat' dir='ltr'>potuisset,</span> <span class='ocrx_word' id='word_1_222' title='bbox 769 3849 853 3911; x_wconf 91' lang='grc'><strong>11111</strong></span> <span class='ocrx_word' id='word_1_223' title='bbox 885 3850 919 3909; x_wconf 87' lang='grc'>11</span> <span class='ocrx_word' id='word_1_224' title='bbox 949 3865 985 3910; x_wconf 88' lang='grc'>11</span> <span class='ocrx_word' id='word_1_225' title='bbox 1016 3851 1159 3926; x_wconf 83' lang='lat' dir='ltr'>receptis</span> <span class='ocrx_word' id='word_1_226' title='bbox 1189 3850 1323 3910; x_wconf 90' lang='lat' dir='ltr'>illarum</span> <span class='ocrx_word' id='word_1_227' title='bbox 1355 3849 1470 3909; x_wconf 89' lang='lat' dir='ltr'>officiis</span> <span class='ocrx_word' id='word_1_228' title='bbox 1506 3852 1544 3907; x_wconf 93' lang='lat' dir='ltr'>ut</span> 
     </span>
     <span class='ocr_line' id='line_1_29' title="bbox 308 3963 1544 4042; baseline -0.002 -18"><span class='ocrx_word' id='word_1_229' title='bbox 308 3967 354 4027; x_wconf 92' lang='lat' dir='ltr'>rei</span> <span class='ocrx_word' id='word_1_230' title='bbox 384 3965 537 4042; x_wconf 92' lang='lat' dir='ltr'>publicae</span> <span class='ocrx_word' id='word_1_231' title='bbox 571 3980 690 4039; x_wconf 86' lang='lat' dir='ltr'>corpus</span> <span class='ocrx_word' id='word_1_232' title='bbox 720 3964 840 4025; x_wconf 88' lang='lat' dir='ltr'>nutriri</span> <span class='ocrx_word' id='word_1_233' title='bbox 874 3966 974 4037; x_wconf 90' lang='lat' dir='ltr'>atque</span> <span class='ocrx_word' id='word_1_234' title='bbox 1005 3964 1134 4024; x_wconf 88' lang='lat' dir='ltr'>moveri</span> <span class='ocrx_word' id='word_1_235' title='bbox 1169 3966 1203 4023; x_wconf 92' lang='grc'>11</span> <span class='ocrx_word' id='word_1_236' title='bbox 1233 3964 1336 4022; x_wconf 88' lang='lat' dir='ltr'>tutari</span> <span class='ocrx_word' id='word_1_237' title='bbox 1367 3978 1403 4021; x_wconf 89' lang='grc'>11</span> <span class='ocrx_word' id='word_1_238' title='bbox 1431 3963 1544 4035; x_wconf 89' lang='lat' dir='ltr'>posset</span> 
     </span>
     <span class='ocr_line' id='line_1_30' title="bbox 309 4075 1544 4153; baseline -0.004 -14"><span class='ocrx_word' id='word_1_239' title='bbox 309 4079 496 4140; x_wconf 86' lang='lat' dir='ltr'>effecerunt.</span> <span class='ocrx_word' id='word_1_240' title='bbox 528 4078 714 4153; x_wconf 82' lang='lat' dir='ltr'>Spartiatae</span> <span class='ocrx_word' id='word_1_241' title='bbox 745 4080 774 4138; x_wconf 90' lang='lat' dir='ltr'>si</span> <span class='ocrx_word' id='word_1_242' title='bbox 804 4094 843 4139; x_wconf 90' lang='lat' dir='ltr'>ea</span> <span class='ocrx_word' id='word_1_243' title='bbox 874 4077 1011 4138; x_wconf 87' lang='lat' dir='ltr'>vesania</span> <span class='ocrx_word' id='word_1_244' title='bbox 1034 4078 1178 4150; x_wconf 91' lang='lat' dir='ltr'>correpti</span> <span class='ocrx_word' id='word_1_245' title='bbox 1201 4075 1345 4137; x_wconf 86' lang='lat' dir='ltr'>fuissent</span> <span class='ocrx_word' id='word_1_246' title='bbox 1367 4076 1544 4149; x_wconf 88' lang='lat' dir='ltr'>aliquando</span> 
     </span>
     <span class='ocr_line' id='line_1_31' title="bbox 308 4189 1545 4268; baseline -0.005 -14"><span class='ocrx_word' id='word_1_247' title='bbox 308 4199 345 4254; x_wconf 91' lang='lat' dir='ltr'>ut</span> <span class='ocrx_word' id='word_1_248' title='bbox 374 4192 536 4268; x_wconf 90' lang='lat' dir='ltr'>perioecis</span> <span class='ocrx_word' id='word_1_249' title='bbox 568 4195 666 4265; x_wconf 90' lang='lat' dir='ltr'>atque</span> <span class='ocrx_word' id='word_1_250' title='bbox 698 4191 821 4253; x_wconf 90' lang='lat' dir='ltr'>helotis</span> <span class='ocrx_word' id='word_1_251' title='bbox 852 4192 979 4253; x_wconf 88' lang='lat' dir='ltr'>cunctis</span> <span class='ocrx_word' id='word_1_252' title='bbox 1006 4190 1238 4250; x_wconf 88' lang='lat' dir='ltr'>ministrarent</span> <span class='ocrx_word' id='word_1_253' title='bbox 1261 4189 1329 4249; x_wconf 91' lang='lat' dir='ltr'>tela</span> <span class='ocrx_word' id='word_1_254' title='bbox 1353 4190 1393 4249; x_wconf 90' lang='lat' dir='ltr'>ad</span> <span class='ocrx_word' id='word_1_255' title='bbox 1418 4189 1545 4263; x_wconf 92' lang='lat' dir='ltr'>propul-</span> 
     </span>
     <span class='ocr_line' id='line_1_32' title="bbox 309 4303 1544 4381; baseline -0.004 -15"><span class='ocrx_word' id='word_1_256' title='bbox 309 4307 429 4367; x_wconf 88' lang='lat' dir='ltr'>sandos</span> <span class='ocrx_word' id='word_1_257' title='bbox 462 4306 591 4381; x_wconf 89' lang='lat' dir='ltr'>hostes,</span> <span class='ocrx_word' id='word_1_258' title='bbox 622 4306 774 4380; x_wconf 84' lang='lat' dir='ltr'>proximo</span> <span class='ocrx_word' id='word_1_259' title='bbox 807 4306 857 4366; x_wconf 91' lang='lat' dir='ltr'>die</span> <span class='ocrx_word' id='word_1_260' title='bbox 885 4321 904 4365; x_wconf 91' lang='lat' dir='ltr'>a</span> <span class='ocrx_word' id='word_1_261' title='bbox 928 4304 1025 4365; x_wconf 89' lang='lat' dir='ltr'>novis</span> <span class='ocrx_word' id='word_1_262' title='bbox 1049 4303 1211 4363; x_wconf 87' lang='lat' dir='ltr'>militibus</span> <span class='ocrx_word' id='word_1_263' title='bbox 1235 4303 1275 4362; x_wconf 89' lang='lat' dir='ltr'>ad</span> <span class='ocrx_word' id='word_1_264' title='bbox 1298 4318 1403 4363; x_wconf 93' lang='lat' dir='ltr'>unum</span> <span class='ocrx_word' id='word_1_265' title='bbox 1427 4318 1544 4362; x_wconf 90' lang='lat' dir='ltr'>omnes</span> 
     </span>
     <span class='ocr_line' id='line_1_33' title="bbox 309 4415 1547 4495; baseline -0.003 -16"><span class='ocrx_word' id='word_1_266' title='bbox 309 4419 449 4481; x_wconf 87' lang='lat' dir='ltr'>luissent</span> <span class='ocrx_word' id='word_1_267' title='bbox 466 4419 670 4481; x_wconf 86' lang='lat' dir='ltr'>obtruncati:</span> <span class='ocrx_word' id='word_1_268' title='bbox 691 4419 794 4480; x_wconf 87' lang='lat' dir='ltr'>Attici</span> <span class='ocrx_word' id='word_1_269' title='bbox 807 4434 886 4479; x_wconf 88' lang='lat' dir='ltr'>vero</span> <span class='ocrx_word' id='word_1_270' title='bbox 906 4418 1018 4495; x_wconf 94' lang='lat' dir='ltr'>populi</span> <span class='ocrx_word' id='word_1_271' title='bbox 1036 4419 1146 4491; x_wconf 88' lang='lat' dir='ltr'>partes</span> <span class='ocrx_word' id='word_1_272' title='bbox 1165 4416 1255 4492; x_wconf 87' lang='lat' dir='ltr'>illae,</span> <span class='ocrx_word' id='word_1_273' title='bbox 1276 4431 1360 4490; x_wconf 86' lang='lat' dir='ltr'>quae</span> <span class='ocrx_word' id='word_1_274' title='bbox 1377 4415 1457 4475; x_wconf 91' lang='lat' dir='ltr'>olim</span> <span class='ocrx_word' id='word_1_275' title='bbox 1470 4417 1547 4489; x_wconf 90' lang='lat' dir='ltr'>post</span> 
     </span>
     <span class='ocr_line' id='line_1_34' title="bbox 309 4528 1548 4604; baseline -0.004 -11"><span class='ocrx_word' id='word_1_276' title='bbox 309 4534 485 4594; x_wconf 88' lang='lat' dir='ltr'>nobiliores</span> <span class='ocrx_word' id='word_1_277' title='bbox 515 4537 549 4593; x_wconf 90' lang='lat' dir='ltr'>et</span> <span class='ocrx_word' id='word_1_278' title='bbox 576 4533 713 4593; x_wconf 91' lang='lat' dir='ltr'>ditiores</span> <span class='ocrx_word' id='word_1_279' title='bbox 737 4532 905 4593; x_wconf 88' lang='lat' dir='ltr'>latuerant</span> <span class='ocrx_word' id='word_1_280' title='bbox 928 4534 961 4591; x_wconf 91' lang='grc'>11</span> <span class='ocrx_word' id='word_1_281' title='bbox 984 4532 1018 4590; x_wconf 92' lang='lat' dir='ltr'>in</span> <span class='ocrx_word' id='word_1_282' title='bbox 1042 4528 1308 4604; x_wconf 83' lang='lat' dir='ltr'>expeditionibus</span> <span class='ocrx_word' id='word_1_283' title='bbox 1330 4529 1548 4589; x_wconf 87' lang='lat' dir='ltr'>terrestribus</span> 
     </span>
    </p>
   </div>
   <div class='ocr_carea' id='block_1_3' title="bbox 310 4642 1548 4836">
    <p class='ocr_par' dir='ltr' id='par_1_5' title="bbox 310 4642 1548 4836">
     <span class='ocr_line' id='line_1_35' title="bbox 310 4642 1548 4723; baseline -0.005 -16"><span class='ocrx_word' id='word_1_284' title='bbox 310 4647 420 4723; x_wconf 82' lang='lat' dir='ltr'>exigui</span> <span class='ocrx_word' id='word_1_285' title='bbox 439 4647 571 4708; x_wconf 87' lang='lat' dir='ltr'>fuerant</span> <span class='ocrx_word' id='word_1_286' title='bbox 589 4647 766 4722; x_wconf 90' lang='lat' dir='ltr'>momenti,</span> <span class='ocrx_word' id='word_1_287' title='bbox 787 4646 989 4707; x_wconf 89' lang='lat' dir='ltr'>utilissimas</span> <span class='ocrx_word' id='word_1_288' title='bbox 1008 4660 1045 4705; x_wconf 90' lang='grc'>11</span> <span class='ocrx_word' id='word_1_289' title='bbox 1063 4643 1303 4719; x_wconf 88' lang='lat' dir='ltr'>praestiterunt</span> <span class='ocrx_word' id='word_1_290' title='bbox 1323 4643 1356 4702; x_wconf 94' lang='lat' dir='ltr'>in</span> <span class='ocrx_word' id='word_1_291' title='bbox 1376 4642 1548 4703; x_wconf 88' lang='lat' dir='ltr'>maritimo</span> 
     </span>
     <span class='ocr_line' id='line_1_36' title="bbox 310 4756 1483 4836; baseline -0.003 -17"><span class='ocrx_word' id='word_1_292' title='bbox 310 4760 395 4821; x_wconf 93' lang='lat' dir='ltr'>bello</span> <span class='ocrx_word' id='word_1_293' title='bbox 418 4760 562 4836; x_wconf 74' lang='lat' dir='ltr'>gerendo</span> <span class='ocrx_word' id='word_1_294' title='bbox 584 4763 618 4819; x_wconf 91' lang='lat' dir='ltr'>et</span> <span class='ocrx_word' id='word_1_295' title='bbox 640 4774 763 4821; x_wconf 87' lang='lat' dir='ltr'>novam</span> <span class='ocrx_word' id='word_1_296' title='bbox 785 4760 862 4820; x_wconf 90' lang='lat' dir='ltr'>inde</span> <span class='ocrx_word' id='word_1_297' title='bbox 886 4759 1085 4833; x_wconf 79' lang='lat' dir='ltr'>dignitatem</span> <span class='ocrx_word' id='word_1_298' title='bbox 1109 4756 1313 4817; x_wconf 90' lang='lat' dir='ltr'>rettulerunt</span> <span class='ocrx_word' id='word_1_299' title='bbox 1335 4756 1483 4816; x_wconf 91' lang='lat' dir='ltr'>domum.</span> 
     </span>
    </p>
   </div>
   <div class='ocr_carea' id='block_1_4' title="bbox 0 0 2051 5950">
    <p class='ocr_par' dir='ltr' id='par_1_6' title="bbox 0 0 2051 5950">
     <span class='ocr_line' id='line_1_37' title="bbox 0 0 2051 5950; baseline 0 0"><span class='ocrx_word' id='word_1_300' title='bbox 0 0 2051 5950; x_wconf 95' lang='lat' dir='ltr'> </span> 
     </span>
    </p>
   </div>
  </div>
 </body>
</html>
