<?xml version="1.0" encoding="UTF-8"?>
<!DOCTYPE html PUBLIC "-//W3C//DTD XHTML 1.0 Transitional//EN"
    "http://www.w3.org/TR/xhtml1/DTD/xhtml1-transitional.dtd">
<html xmlns="http://www.w3.org/1999/xhtml" xml:lang="en" lang="en">
 <head>
  <title>
</title>
<meta http-equiv="Content-Type" content="text/html;charset=utf-8" />
  <meta name='ocr-system' content='tesseract 3.04.00' />
  <meta name='ocr-capabilities' content='ocr_page ocr_carea ocr_par ocr_line ocrx_word'/>
</head>
<body>
  <div class='ocr_page' id='page_1' title='image "./prolegomenaadar01unkngoog/prolegomenaadar01unkngoog_0109.png"; bbox 0 0 4067 5950; ppageno 0'>
   <div class='ocr_carea' id='block_1_1' title="bbox 718 804 1494 866">
    <p class='ocr_par' dir='ltr' id='par_1_1' title="bbox 718 804 1494 866">
     <span class='ocr_line' id='line_1_1' title="bbox 718 804 1494 866; baseline 0.003 -2"><span class='ocrx_word' id='word_1_1' title='bbox 718 820 798 865; x_wconf 68' lang='lat' dir='ltr'>vrrs</span> <span class='ocrx_word' id='word_1_2' title='bbox 820 820 861 864; x_wconf 81' lang='lat' dir='ltr'>ar</span> <span class='ocrx_word' id='word_1_3' title='bbox 884 819 1053 865; x_wconf 78' lang='lat' dir='ltr'>ornamus.</span> <span class='ocrx_word' id='word_1_4' title='bbox 1453 804 1494 866; x_wconf 79' lang='lat'>97</span> 
     </span>
    </p>
   </div>
   <div class='ocr_carea' id='block_1_2' title="bbox 264 993 1504 4827">
    <p class='ocr_par' dir='ltr' id='par_1_2' title="bbox 267 993 1504 2778">
     <span class='ocr_line' id='line_1_2' title="bbox 269 993 1501 1070; baseline 0 -16"><span class='ocrx_word' id='word_1_5' title='bbox 269 998 304 1054; x_wconf 92' lang='lat' dir='ltr'>et</span> <span class='ocrx_word' id='word_1_6' title='bbox 335 995 464 1069; x_wconf 89' lang='lat' dir='ltr'>species</span> <span class='ocrx_word' id='word_1_7' title='bbox 493 993 591 1069; x_wconf 94' lang='lat' dir='ltr'>longo</span> <span class='ocrx_word' id='word_1_8' title='bbox 620 1009 682 1055; x_wconf 88' lang='lat' dir='ltr'>usu</span> <span class='ocrx_word' id='word_1_9' title='bbox 711 996 913 1055; x_wconf 88' lang='lat' dir='ltr'>consecrata.</span> <span class='ocrx_word' id='word_1_10' title='bbox 937 996 975 1055; x_wconf 91' lang='lat' dir='ltr'>In</span> <span class='ocrx_word' id='word_1_11' title='bbox 998 995 1151 1070; x_wconf 85' lang='lat' dir='ltr'>operibus</span> <span class='ocrx_word' id='word_1_12' title='bbox 1174 995 1386 1056; x_wconf 82' lang='lat' dir='ltr'>elaborandis</span> <span class='ocrx_word' id='word_1_13' title='bbox 1409 995 1501 1055; x_wconf 92' lang='lat' dir='ltr'>duris</span> 
     </span>
     <span class='ocr_line' id='line_1_3' title="bbox 267 1107 1503 1184; baseline 0 -16"><span class='ocrx_word' id='word_1_14' title='bbox 267 1109 467 1181; x_wconf 85' lang='lat' dir='ltr'>quibusdam</span> <span class='ocrx_word' id='word_1_15' title='bbox 492 1107 632 1167; x_wconf 88' lang='lat' dir='ltr'>vinculis</span> <span class='ocrx_word' id='word_1_16' title='bbox 655 1108 882 1182; x_wconf 90' lang='lat' dir='ltr'>praepeditum</span> <span class='ocrx_word' id='word_1_17' title='bbox 905 1124 942 1168; x_wconf 88' lang='lat' dir='ltr'>se</span> <span class='ocrx_word' id='word_1_18' title='bbox 967 1108 1147 1184; x_wconf 84' lang='lat' dir='ltr'>sentiebat,</span> <span class='ocrx_word' id='word_1_19' title='bbox 1182 1111 1215 1170; x_wconf 90' lang='lat' dir='ltr'>vi</span> <span class='ocrx_word' id='word_1_20' title='bbox 1240 1112 1355 1170; x_wconf 89' lang='lat' dir='ltr'>tamen</span> <span class='ocrx_word' id='word_1_21' title='bbox 1380 1109 1503 1184; x_wconf 89' lang='lat' dir='ltr'>ingenii</span> 
     </span>
     <span class='ocr_line' id='line_1_4' title="bbox 267 1221 1504 1299; baseline 0.002 -17"><span class='ocrx_word' id='word_1_22' title='bbox 267 1238 337 1283; x_wconf 94' lang='lat' dir='ltr'>non</span> <span class='ocrx_word' id='word_1_23' title='bbox 360 1225 493 1283; x_wconf 90' lang='lat' dir='ltr'>tantum</span> <span class='ocrx_word' id='word_1_24' title='bbox 516 1221 633 1282; x_wconf 89' lang='lat' dir='ltr'>valens</span> <span class='ocrx_word' id='word_1_25' title='bbox 657 1222 693 1281; x_wconf 85' lang='lat' dir='ltr'>ut</span> <span class='ocrx_word' id='word_1_26' title='bbox 714 1221 858 1282; x_wconf 86' lang='lat' dir='ltr'>vinculis</span> <span class='ocrx_word' id='word_1_27' title='bbox 880 1221 948 1282; x_wconf 91' lang='lat' dir='ltr'>illis</span> <span class='ocrx_word' id='word_1_28' title='bbox 971 1223 1132 1299; x_wconf 77' lang='lat' dir='ltr'>disruptis</span> <span class='ocrx_word' id='word_1_29' title='bbox 1156 1225 1292 1284; x_wconf 89' lang='lat' dir='ltr'>strenuo</span> <span class='ocrx_word' id='word_1_30' title='bbox 1315 1223 1441 1299; x_wconf 89' lang='lat' dir='ltr'>impetu</span> <span class='ocrx_word' id='word_1_31' title='bbox 1466 1237 1504 1284; x_wconf 91' lang='lat' dir='ltr'>eo</span> 
     </span>
     <span class='ocr_line' id='line_1_5' title="bbox 267 1337 1502 1413; baseline 0.001 -16"><span class='ocrx_word' id='word_1_32' title='bbox 267 1337 421 1397; x_wconf 87' lang='lat' dir='ltr'>tenderet</span> <span class='ocrx_word' id='word_1_33' title='bbox 443 1351 507 1411; x_wconf 82' lang='lat' dir='ltr'>quo</span> <span class='ocrx_word' id='word_1_34' title='bbox 530 1351 627 1396; x_wconf 89' lang='lat' dir='ltr'>musa</span> <span class='ocrx_word' id='word_1_35' title='bbox 651 1338 799 1412; x_wconf 88' lang='lat' dir='ltr'>vocaret,</span> <span class='ocrx_word' id='word_1_36' title='bbox 823 1351 930 1398; x_wconf 89' lang='lat' dir='ltr'>novae</span> <span class='ocrx_word' id='word_1_37' title='bbox 950 1338 1034 1398; x_wconf 89' lang='lat' dir='ltr'>artis</span> <span class='ocrx_word' id='word_1_38' title='bbox 1053 1340 1168 1399; x_wconf 88' lang='lat' dir='ltr'>auctor</span> <span class='ocrx_word' id='word_1_39' title='bbox 1186 1339 1332 1399; x_wconf 89' lang='lat' dir='ltr'>iuturus.</span> <span class='ocrx_word' id='word_1_40' title='bbox 1353 1339 1502 1413; x_wconf 84' lang='lat' dir='ltr'>Ageban-</span> 
     </span>
     <span class='ocr_line' id='line_1_6' title="bbox 267 1449 1504 1525; baseline 0.002 -15"><span class='ocrx_word' id='word_1_41' title='bbox 267 1453 326 1510; x_wconf 90' lang='lat' dir='ltr'>tur</span> <span class='ocrx_word' id='word_1_42' title='bbox 359 1450 430 1510; x_wconf 88' lang='lat' dir='ltr'>eius</span> <span class='ocrx_word' id='word_1_43' title='bbox 464 1450 616 1510; x_wconf 87' lang='lat' dir='ltr'>dramata</span> <span class='ocrx_word' id='word_1_44' title='bbox 638 1449 672 1509; x_wconf 92' lang='lat' dir='ltr'>in</span> <span class='ocrx_word' id='word_1_45' title='bbox 703 1450 834 1511; x_wconf 90' lang='lat' dir='ltr'>theatro</span> <span class='ocrx_word' id='word_1_46' title='bbox 865 1453 915 1511; x_wconf 90' lang='lat' dir='ltr'>tot</span> <span class='ocrx_word' id='word_1_47' title='bbox 946 1451 1086 1512; x_wconf 91' lang='lat' dir='ltr'>heroum</span> <span class='ocrx_word' id='word_1_48' title='bbox 1118 1451 1394 1525; x_wconf 88' lang='lat' dir='ltr'>heroinarumque</span> <span class='ocrx_word' id='word_1_49' title='bbox 1424 1451 1504 1512; x_wconf 86' lang='lat' dir='ltr'>latis</span> 
     </span>
     <span class='ocr_line' id='line_1_7' title="bbox 268 1563 1502 1642; baseline 0.004 -20"><span class='ocrx_word' id='word_1_50' title='bbox 268 1563 411 1640; x_wconf 88' lang='lat' dir='ltr'>incluto,</span> <span class='ocrx_word' id='word_1_51' title='bbox 453 1565 512 1625; x_wconf 89' lang='lat' dir='ltr'>sed</span> <span class='ocrx_word' id='word_1_52' title='bbox 553 1564 721 1641; x_wconf 84' lang='lat' dir='ltr'>homines,</span> <span class='ocrx_word' id='word_1_53' title='bbox 764 1579 830 1625; x_wconf 94' lang='lat' dir='ltr'>non</span> <span class='ocrx_word' id='word_1_54' title='bbox 866 1565 1120 1626; x_wconf 89' lang='lat' dir='ltr'>commenticios</span> <span class='ocrx_word' id='word_1_55' title='bbox 1161 1565 1290 1640; x_wconf 87' lang='lat' dir='ltr'>aliquos</span> <span class='ocrx_word' id='word_1_56' title='bbox 1323 1566 1502 1642; x_wconf 84' lang='lat' dir='ltr'>semideos,</span> 
     </span>
     <span class='ocr_line' id='line_1_8' title="bbox 268 1677 1503 1754; baseline 0.002 -18"><span class='ocrx_word' id='word_1_57' title='bbox 268 1677 447 1738; x_wconf 90' lang='lat' dir='ltr'>ostendere</span> <span class='ocrx_word' id='word_1_58' title='bbox 478 1677 611 1739; x_wconf 88' lang='lat' dir='ltr'>volebat</span> <span class='ocrx_word' id='word_1_59' title='bbox 638 1678 708 1754; x_wconf 89' lang='lat' dir='ltr'>ille,</span> <span class='ocrx_word' id='word_1_60' title='bbox 735 1711 774 1723; x_wconf 89' lang='lat'><em>-</em></span> <span class='ocrx_word' id='word_1_61' title='bbox 800 1679 967 1754; x_wconf 85' lang='lat' dir='ltr'>homines,</span> <span class='ocrx_word' id='word_1_62' title='bbox 999 1679 1057 1754; x_wconf 85' lang='lat' dir='ltr'>qui</span> <span class='ocrx_word' id='word_1_63' title='bbox 1079 1679 1227 1740; x_wconf 88' lang='lat' dir='ltr'>humana</span> <span class='ocrx_word' id='word_1_64' title='bbox 1249 1682 1288 1739; x_wconf 88' lang='lat' dir='ltr'>ut</span> <span class='ocrx_word' id='word_1_65' title='bbox 1310 1679 1381 1754; x_wconf 89' lang='lat' dir='ltr'>ipse</span> <span class='ocrx_word' id='word_1_66' title='bbox 1404 1681 1503 1740; x_wconf 92' lang='lat' dir='ltr'>senti·</span> 
     </span>
     <span class='ocr_line' id='line_1_9' title="bbox 268 1792 1503 1869; baseline 0.002 -19"><span class='ocrx_word' id='word_1_67' title='bbox 268 1793 361 1864; x_wconf 90' lang='lat' dir='ltr'>rent,</span> <span class='ocrx_word' id='word_1_68' title='bbox 397 1792 594 1868; x_wconf 82' lang='lat' dir='ltr'>cogitarent,</span> <span class='ocrx_word' id='word_1_69' title='bbox 631 1795 817 1869; x_wconf 86' lang='lat' dir='ltr'>sperarent,</span> <span class='ocrx_word' id='word_1_70' title='bbox 855 1794 910 1867; x_wconf 88' lang='lat' dir='ltr'>qui</span> <span class='ocrx_word' id='word_1_71' title='bbox 945 1794 1093 1853; x_wconf 85' lang='lat' dir='ltr'>humana</span> <span class='ocrx_word' id='word_1_72' title='bbox 1128 1795 1264 1867; x_wconf 86' lang='lat' dir='ltr'>agerent</span> <span class='ocrx_word' id='word_1_73' title='bbox 1295 1794 1328 1854; x_wconf 89' lang='lat' dir='ltr'>et</span> <span class='ocrx_word' id='word_1_74' title='bbox 1357 1792 1503 1853; x_wconf 85' lang='lat' dir='ltr'>humana</span> 
     </span>
     <span class='ocr_line' id='line_1_10' title="bbox 268 1906 1503 1982; baseline 0.002 -17"><span class='ocrx_word' id='word_1_75' title='bbox 268 1907 473 1978; x_wconf 85' lang='lat' dir='ltr'>paterentur.</span> <span class='ocrx_word' id='word_1_76' title='bbox 512 1906 701 1968; x_wconf 87' lang='lat' dir='ltr'>Mortalium</span> <span class='ocrx_word' id='word_1_77' title='bbox 736 1907 841 1967; x_wconf 86' lang='lat' dir='ltr'>vitam</span> <span class='ocrx_word' id='word_1_78' title='bbox 887 1907 981 1967; x_wconf 87' lang='lat' dir='ltr'>unice</span> <span class='ocrx_word' id='word_1_79' title='bbox 1017 1907 1168 1982; x_wconf 90' lang='lat' dir='ltr'>curabat,</span> <span class='ocrx_word' id='word_1_80' title='bbox 1204 1907 1357 1968; x_wconf 87' lang='lat' dir='ltr'>veritatis</span> <span class='ocrx_word' id='word_1_81' title='bbox 1395 1907 1503 1981; x_wconf 85' lang='lat' dir='ltr'>magis</span> 
     </span>
     <span class='ocr_line' id='line_1_11' title="bbox 268 2020 1504 2096; baseline 0.002 -18"><span class='ocrx_word' id='word_1_82' title='bbox 268 2034 373 2092; x_wconf 88' lang='lat' dir='ltr'>quam</span> <span class='ocrx_word' id='word_1_83' title='bbox 396 2020 567 2094; x_wconf 79' lang='lat' dir='ltr'>dignitatis</span> <span class='ocrx_word' id='word_1_84' title='bbox 590 2021 830 2096; x_wconf 86' lang='lat' dir='ltr'>gravitatisque</span> <span class='ocrx_word' id='word_1_85' title='bbox 851 2023 1000 2082; x_wconf 89' lang='lat' dir='ltr'>scenicae</span> <span class='ocrx_word' id='word_1_86' title='bbox 1021 2023 1193 2096; x_wconf 87' lang='lat' dir='ltr'>appetens,</span> <span class='ocrx_word' id='word_1_87' title='bbox 1215 2022 1318 2094; x_wconf 92' lang='lat' dir='ltr'>utque</span> <span class='ocrx_word' id='word_1_88' title='bbox 1330 2020 1504 2081; x_wconf 86' lang='lat' dir='ltr'>audientes</span> 
     </span>
     <span class='ocr_line' id='line_1_12' title="bbox 268 2133 1500 2210; baseline 0.001 -17"><span class='ocrx_word' id='word_1_89' title='bbox 268 2134 405 2207; x_wconf 88' lang='lat' dir='ltr'>penitus</span> <span class='ocrx_word' id='word_1_90' title='bbox 439 2137 665 2195; x_wconf 88' lang='lat' dir='ltr'>commoveret</span> <span class='ocrx_word' id='word_1_91' title='bbox 698 2150 832 2196; x_wconf 90' lang='lat' dir='ltr'>omnem</span> <span class='ocrx_word' id='word_1_92' title='bbox 863 2135 946 2194; x_wconf 88' lang='lat' dir='ltr'>dans</span> <span class='ocrx_word' id='word_1_93' title='bbox 977 2150 1130 2210; x_wconf 80' lang='lat' dir='ltr'>operam3</span> <span class='ocrx_word' id='word_1_94' title='bbox 1162 2135 1221 2195; x_wconf 89' lang='lat' dir='ltr'>sed</span> <span class='ocrx_word' id='word_1_95' title='bbox 1249 2134 1283 2194; x_wconf 92' lang='lat' dir='ltr'>in</span> <span class='ocrx_word' id='word_1_96' title='bbox 1308 2133 1500 2195; x_wconf 88' lang='lat' dir='ltr'>violentiam</span> 
     </span>
     <span class='ocr_line' id='line_1_13' title="bbox 268 2247 1501 2323; baseline 0 -17"><span class='ocrx_word' id='word_1_97' title='bbox 268 2247 503 2308; x_wconf 85' lang='lat' dir='ltr'>inconcinnam</span> <span class='ocrx_word' id='word_1_98' title='bbox 534 2263 634 2323; x_wconf 90' lang='lat' dir='ltr'>saepe</span> <span class='ocrx_word' id='word_1_99' title='bbox 665 2247 777 2308; x_wconf 86' lang='lat' dir='ltr'>abibat</span> <span class='ocrx_word' id='word_1_100' title='bbox 802 2261 979 2308; x_wconf 89' lang='lat' dir='ltr'>nervorum</span> <span class='ocrx_word' id='word_1_101' title='bbox 1010 2248 1114 2308; x_wconf 90' lang='lat' dir='ltr'>nimia</span> <span class='ocrx_word' id='word_1_102' title='bbox 1145 2248 1285 2308; x_wconf 89' lang='lat' dir='ltr'>intentio</span> <span class='ocrx_word' id='word_1_103' title='bbox 1317 2250 1351 2308; x_wconf 90' lang='lat' dir='ltr'>et</span> <span class='ocrx_word' id='word_1_104' title='bbox 1379 2249 1501 2322; x_wconf 88' lang='lat' dir='ltr'>epecta-</span> 
     </span>
     <span class='ocr_line' id='line_1_14' title="bbox 268 2359 1502 2436; baseline -0.001 -16"><span class='ocrx_word' id='word_1_105' title='bbox 268 2365 382 2421; x_wconf 87' lang='lat' dir='ltr'>torum</span> <span class='ocrx_word' id='word_1_106' title='bbox 417 2362 547 2422; x_wconf 89' lang='lat' dir='ltr'>animos</span> <span class='ocrx_word' id='word_1_107' title='bbox 580 2361 691 2422; x_wconf 91' lang='lat' dir='ltr'>subito</span> <span class='ocrx_word' id='word_1_108' title='bbox 724 2361 850 2436; x_wconf 90' lang='lat' dir='ltr'>impetu</span> <span class='ocrx_word' id='word_1_109' title='bbox 885 2360 1085 2435; x_wconf 90' lang='lat' dir='ltr'>percellebat</span> <span class='ocrx_word' id='word_1_110' title='bbox 1119 2360 1250 2420; x_wconf 87' lang='lat' dir='ltr'>facilius</span> <span class='ocrx_word' id='word_1_111' title='bbox 1279 2375 1380 2434; x_wconf 87' lang='lat' dir='ltr'>quam</span> <span class='ocrx_word' id='word_1_112' title='bbox 1415 2359 1502 2420; x_wconf 87' lang='lat' dir='ltr'>dulci</span> 
     </span>
     <span class='ocr_line' id='line_1_15' title="bbox 268 2443 1502 2550; baseline 0 -18"><span class='ocrx_word' id='word_1_113' title='bbox 268 2474 490 2535; x_wconf 90' lang='lat' dir='ltr'>admiratione</span> <span class='ocrx_word' id='word_1_114' title='bbox 523 2443 731 2550; x_wconf 82' lang='lat' dir='ltr'>pertentatos</span> <span class='ocrx_word' id='word_1_115' title='bbox 768 2474 940 2535; x_wconf 90' lang='lat' dir='ltr'>detineret.</span> <span class='ocrx_word' id='word_1_116' title='bbox 979 2474 1100 2534; x_wconf 91' lang='lat' dir='ltr'>Parum</span> <span class='ocrx_word' id='word_1_117' title='bbox 1140 2473 1310 2546; x_wconf 85' lang='lat' dir='ltr'>aequabile</span> <span class='ocrx_word' id='word_1_118' title='bbox 1348 2472 1502 2533; x_wconf 88' lang='lat' dir='ltr'>videlicet</span> 
     </span>
     <span class='ocr_line' id='line_1_16' title="bbox 268 2587 1500 2664; baseline 0.001 -19"><span class='ocrx_word' id='word_1_119' title='bbox 268 2588 303 2646; x_wconf 93' lang='lat' dir='ltr'>in</span> <span class='ocrx_word' id='word_1_120' title='bbox 329 2588 452 2663; x_wconf 92' lang='lat' dir='ltr'>ingenii</span> <span class='ocrx_word' id='word_1_121' title='bbox 475 2588 547 2649; x_wconf 93' lang='lat' dir='ltr'>eius</span> <span class='ocrx_word' id='word_1_122' title='bbox 569 2588 742 2664; x_wconf 89' lang='lat' dir='ltr'>operibus,</span> <span class='ocrx_word' id='word_1_123' title='bbox 775 2591 812 2648; x_wconf 94' lang='lat' dir='ltr'>ut</span> <span class='ocrx_word' id='word_1_124' title='bbox 835 2588 869 2647; x_wconf 92' lang='lat' dir='ltr'>in</span> <span class='ocrx_word' id='word_1_125' title='bbox 892 2588 964 2662; x_wconf 90' lang='lat' dir='ltr'>ipso</span> <span class='ocrx_word' id='word_1_126' title='bbox 988 2587 1135 2661; x_wconf 88' lang='lat' dir='ltr'>ingenio,</span> <span class='ocrx_word' id='word_1_127' title='bbox 1161 2589 1232 2646; x_wconf 89' lang='lat' dir='ltr'>erat</span> <span class='ocrx_word' id='word_1_128' title='bbox 1254 2587 1375 2645; x_wconf 89' lang='lat' dir='ltr'>virium</span> <span class='ocrx_word' id='word_1_129' title='bbox 1402 2588 1500 2659; x_wconf 87' lang='lat' dir='ltr'>atque</span> 
     </span>
     <span class='ocr_line' id='line_1_17' title="bbox 268 2701 798 2778; baseline 0.004 -18"><span class='ocrx_word' id='word_1_130' title='bbox 268 2701 459 2762; x_wconf 91' lang='lat' dir='ltr'>studiorum</span> <span class='ocrx_word' id='word_1_131' title='bbox 482 2703 798 2778; x_wconf 87' lang='lat' dir='ltr'>temperamentum.</span> 
     </span>
    </p>

    <p class='ocr_par' dir='ltr' id='par_1_3' title="bbox 264 2813 1502 4600">
     <span class='ocr_line' id='line_1_18' title="bbox 315 2813 1502 2891; baseline -0.002 -15"><span class='ocrx_word' id='word_1_132' title='bbox 315 2815 466 2876; x_wconf 83' lang='lat' dir='ltr'>Morosus</span> <span class='ocrx_word' id='word_1_133' title='bbox 489 2816 543 2876; x_wconf 91' lang='lat' dir='ltr'>hic</span> <span class='ocrx_word' id='word_1_134' title='bbox 566 2817 662 2891; x_wconf 86' lang='lat' dir='ltr'>poeta</span> <span class='ocrx_word' id='word_1_135' title='bbox 683 2831 783 2890; x_wconf 85' lang='lat' dir='ltr'>quarn</span> <span class='ocrx_word' id='word_1_136' title='bbox 815 2814 972 2875; x_wconf 87' lang='lat' dir='ltr'>ridiculus</span> <span class='ocrx_word' id='word_1_137' title='bbox 996 2815 1089 2874; x_wconf 88' lang='lat' dir='ltr'>visus</span> <span class='ocrx_word' id='word_1_138' title='bbox 1113 2816 1164 2874; x_wconf 88' lang='lat' dir='ltr'>eet</span> <span class='ocrx_word' id='word_1_139' title='bbox 1186 2814 1417 2890; x_wconf 81' lang='lat' dir='ltr'>Aristophani!</span> <span class='ocrx_word' id='word_1_140' title='bbox 1443 2813 1502 2874; x_wconf 79' lang='lat' dir='ltr'>Oui</span> 
     </span>
     <span class='ocr_line' id='line_1_19' title="bbox 267 2927 1501 3006; baseline 0 -17"><span class='ocrx_word' id='word_1_141' title='bbox 267 2929 443 3006; x_wconf 82' lang='lat' dir='ltr'>Euripides</span> <span class='ocrx_word' id='word_1_142' title='bbox 476 2930 552 2991; x_wconf 89' lang='lat' dir='ltr'>inde</span> <span class='ocrx_word' id='word_1_143' title='bbox 587 2944 606 2990; x_wconf 90' lang='lat' dir='ltr'>a</span> <span class='ocrx_word' id='word_1_144' title='bbox 639 2944 740 3005; x_wconf 89' lang='lat' dir='ltr'>puero</span> <span class='ocrx_word' id='word_1_145' title='bbox 775 2928 949 2989; x_wconf 89' lang='lat' dir='ltr'>vellicandi</span> <span class='ocrx_word' id='word_1_146' title='bbox 984 2930 1083 3003; x_wconf 88' lang='lat' dir='ltr'>atque</span> <span class='ocrx_word' id='word_1_147' title='bbox 1117 2927 1302 2989; x_wconf 86' lang='lat' dir='ltr'>lacessendi</span> <span class='ocrx_word' id='word_1_148' title='bbox 1331 2927 1501 2989; x_wconf 89' lang='lat' dir='ltr'>libidinem</span> 
     </span>
     <span class='ocr_line' id='line_1_20' title="bbox 268 3042 1501 3117; baseline -0.001 -13"><span class='ocrx_word' id='word_1_149' title='bbox 268 3043 352 3104; x_wconf 88' lang='lat' dir='ltr'>civit</span> <span class='ocrx_word' id='word_1_150' title='bbox 383 3044 545 3105; x_wconf 89' lang='lat' dir='ltr'>eiusmodi</span> <span class='ocrx_word' id='word_1_151' title='bbox 576 3042 683 3117; x_wconf 88' lang='lat' dir='ltr'>qualis</span> <span class='ocrx_word' id='word_1_152' title='bbox 714 3057 788 3103; x_wconf 88' lang='lat' dir='ltr'>esse</span> <span class='ocrx_word' id='word_1_153' title='bbox 819 3042 905 3103; x_wconf 90' lang='lat' dir='ltr'>solet</span> <span class='ocrx_word' id='word_1_154' title='bbox 929 3042 1123 3103; x_wconf 88' lang='lat' dir='ltr'>animalium</span> <span class='ocrx_word' id='word_1_155' title='bbox 1147 3042 1327 3103; x_wconf 89' lang='lat' dir='ltr'>liberorum</span> <span class='ocrx_word' id='word_1_156' title='bbox 1350 3046 1384 3103; x_wconf 89' lang='lat' dir='ltr'>et</span> <span class='ocrx_word' id='word_1_157' title='bbox 1407 3043 1501 3104; x_wconf 91' lang='lat' dir='ltr'>robu-</span> 
     </span>
     <span class='ocr_line' id='line_1_21' title="bbox 267 3155 1501 3233; baseline -0.001 -15"><span class='ocrx_word' id='word_1_158' title='bbox 267 3161 401 3218; x_wconf 90' lang='lat' dir='ltr'>storum</span> <span class='ocrx_word' id='word_1_159' title='bbox 432 3156 537 3218; x_wconf 91' lang='lat' dir='ltr'>sodali</span> <span class='ocrx_word' id='word_1_160' title='bbox 566 3159 701 3232; x_wconf 88' lang='lat' dir='ltr'>aegroto</span> <span class='ocrx_word' id='word_1_161' title='bbox 732 3155 783 3217; x_wconf 88' lang='lat' dir='ltr'>vel</span> <span class='ocrx_word' id='word_1_162' title='bbox 815 3155 918 3231; x_wconf 83' lang='lat' dir='ltr'>ligato</span> <span class='ocrx_word' id='word_1_163' title='bbox 949 3157 1205 3218; x_wconf 89' lang='lat' dir='ltr'>occurrentium.</span> <span class='ocrx_word' id='word_1_164' title='bbox 1238 3156 1342 3233; x_wconf 83' lang='lat' dir='ltr'>Quam</span> <span class='ocrx_word' id='word_1_165' title='bbox 1370 3158 1501 3233; x_wconf 90' lang='lat' dir='ltr'>ineptae</span> 
     </span>
     <span class='ocr_line' id='line_1_22' title="bbox 267 3269 1501 3346; baseline -0.001 -14"><span class='ocrx_word' id='word_1_166' title='bbox 267 3273 300 3333; x_wconf 91' lang='lat' dir='ltr'>ei</span> <span class='ocrx_word' id='word_1_167' title='bbox 325 3272 522 3332; x_wconf 87' lang='lat' dir='ltr'>videbantur</span> <span class='ocrx_word' id='word_1_168' title='bbox 551 3270 713 3330; x_wconf 90' lang='lat' dir='ltr'>derebus</span> <span class='ocrx_word' id='word_1_169' title='bbox 743 3269 941 3330; x_wconf 91' lang='lat' dir='ltr'>sublimibus</span> <span class='ocrx_word' id='word_1_170' title='bbox 968 3271 1001 3330; x_wconf 89' lang='lat' dir='ltr'>et</span> <span class='ocrx_word' id='word_1_171' title='bbox 1023 3270 1237 3331; x_wconf 89' lang='lat' dir='ltr'>terrestribus</span> <span class='ocrx_word' id='word_1_172' title='bbox 1261 3271 1501 3346; x_wconf 87' lang='lat' dir='ltr'>disputationes</span> 
     </span>
     <span class='ocr_line' id='line_1_23' title="bbox 267 3384 1501 3459; baseline 0.001 -15"><span class='ocrx_word' id='word_1_173' title='bbox 267 3384 362 3459; x_wconf 88' lang='lat' dir='ltr'>illae,</span> <span class='ocrx_word' id='word_1_174' title='bbox 398 3387 433 3445; x_wconf 89' lang='lat' dir='ltr'>et</span> <span class='ocrx_word' id='word_1_175' title='bbox 467 3386 589 3458; x_wconf 88' lang='lat' dir='ltr'>quanto</span> <span class='ocrx_word' id='word_1_176' title='bbox 620 3384 722 3444; x_wconf 88' lang='lat' dir='ltr'>etiam</span> <span class='ocrx_word' id='word_1_177' title='bbox 754 3384 935 3445; x_wconf 88' lang='lat' dir='ltr'>deteriores</span> <span class='ocrx_word' id='word_1_178' title='bbox 963 3385 998 3444; x_wconf 92' lang='lat' dir='ltr'>in</span> <span class='ocrx_word' id='word_1_179' title='bbox 1029 3385 1161 3445; x_wconf 89' lang='lat' dir='ltr'>theatro</span> <span class='ocrx_word' id='word_1_180' title='bbox 1185 3385 1319 3445; x_wconf 89' lang='lat' dir='ltr'>auditae</span> <span class='ocrx_word' id='word_1_181' title='bbox 1342 3400 1442 3459; x_wconf 86' lang='lat' dir='ltr'>quarn</span> <span class='ocrx_word' id='word_1_182' title='bbox 1466 3386 1501 3445; x_wconf 92' lang='lat' dir='ltr'>in</span> 
     </span>
     <span class='ocr_line' id='line_1_24' title="bbox 267 3497 1501 3574; baseline -0.001 -15"><span class='ocrx_word' id='word_1_183' title='bbox 267 3500 498 3574; x_wconf 87' lang='lat' dir='ltr'>sophistarum</span> <span class='ocrx_word' id='word_1_184' title='bbox 530 3497 732 3560; x_wconf 89' lang='lat' dir='ltr'>umbraculis</span> <span class='ocrx_word' id='word_1_185' title='bbox 761 3497 814 3558; x_wconf 87' lang='lat' dir='ltr'>vel</span> <span class='ocrx_word' id='word_1_186' title='bbox 844 3498 885 3557; x_wconf 89' lang='lat' dir='ltr'>ad</span> <span class='ocrx_word' id='word_1_187' title='bbox 915 3498 1061 3559; x_wconf 90' lang='lat' dir='ltr'>iudicum</span> <span class='ocrx_word' id='word_1_188' title='bbox 1090 3498 1279 3560; x_wconf 89' lang='lat' dir='ltr'>tribunalia.</span> <span class='ocrx_word' id='word_1_189' title='bbox 1304 3498 1409 3574; x_wconf 81' lang='lat' dir='ltr'>Quam</span> <span class='ocrx_word' id='word_1_190' title='bbox 1433 3499 1501 3559; x_wconf 89' lang='lat' dir='ltr'>vul·</span> 
     </span>
     <span class='ocr_line' id='line_1_25' title="bbox 267 3611 1502 3688; baseline -0.001 -15"><span class='ocrx_word' id='word_1_191' title='bbox 267 3629 368 3688; x_wconf 87' lang='lat' dir='ltr'>gares</span> <span class='ocrx_word' id='word_1_192' title='bbox 402 3614 515 3673; x_wconf 87' lang='lat' dir='ltr'>autern</span> <span class='ocrx_word' id='word_1_193' title='bbox 549 3614 584 3673; x_wconf 90' lang='lat' dir='ltr'>et</span> <span class='ocrx_word' id='word_1_194' title='bbox 614 3627 690 3672; x_wconf 86' lang='lat' dir='ltr'>vere</span> <span class='ocrx_word' id='word_1_195' title='bbox 719 3611 834 3672; x_wconf 89' lang='lat' dir='ltr'>rustici</span> <span class='ocrx_word' id='word_1_196' title='bbox 864 3626 974 3672; x_wconf 90' lang='lat' dir='ltr'>mores</span> <span class='ocrx_word' id='word_1_197' title='bbox 1005 3611 1131 3685; x_wconf 88' lang='lat' dir='ltr'>tragica</span> <span class='ocrx_word' id='word_1_198' title='bbox 1159 3612 1285 3688; x_wconf 90' lang='lat' dir='ltr'>pulpita</span> <span class='ocrx_word' id='word_1_199' title='bbox 1310 3612 1502 3672; x_wconf 89' lang='lat' dir='ltr'>invaserant</span> 
     </span>
     <span class='ocr_line' id='line_1_26' title="bbox 266 3725 1500 3803; baseline 0.002 -17"><span class='ocrx_word' id='word_1_200' title='bbox 266 3727 342 3803; x_wconf 90' lang='lat' dir='ltr'>illa,</span> <span class='ocrx_word' id='word_1_201' title='bbox 378 3742 462 3801; x_wconf 90' lang='lat' dir='ltr'>quae</span> <span class='ocrx_word' id='word_1_202' title='bbox 491 3726 639 3786; x_wconf 86' lang='lat' dir='ltr'>tulerant</span> <span class='ocrx_word' id='word_1_203' title='bbox 669 3725 954 3801; x_wconf 79' lang='lat' dir='ltr'>Agamemnonem</span> <span class='ocrx_word' id='word_1_204' title='bbox 986 3728 1085 3799; x_wconf 90' lang='lat' dir='ltr'>atque</span> <span class='ocrx_word' id='word_1_205' title='bbox 1109 3726 1287 3802; x_wconf 86' lang='lat' dir='ltr'>Achillem,</span> <span class='ocrx_word' id='word_1_206' title='bbox 1312 3726 1500 3802; x_wconf 87' lang='lat' dir='ltr'>Apollinem</span> 
     </span>
     <span class='ocr_line' id='line_1_27' title="bbox 264 3839 1500 3916; baseline -0.001 -16"><span class='ocrx_word' id='word_1_207' title='bbox 264 3842 370 3913; x_wconf 89' lang='lat' dir='ltr'>atque</span> <span class='ocrx_word' id='word_1_208' title='bbox 401 3840 654 3902; x_wconf 77' lang='lat' dir='ltr'>Prometheum!</span> <span class='ocrx_word' id='word_1_209' title='bbox 687 3841 851 3916; x_wconf 76' lang='lat' dir='ltr'>Telephus</span> <span class='ocrx_word' id='word_1_210' title='bbox 880 3841 948 3899; x_wconf 88' lang='lat' dir='ltr'>iam</span> <span class='ocrx_word' id='word_1_211' title='bbox 973 3839 1179 3900; x_wconf 85' lang='lat' dir='ltr'>claudicabat</span> <span class='ocrx_word' id='word_1_212' title='bbox 1202 3840 1248 3899; x_wconf 91' lang='lat' dir='ltr'>ibi</span> <span class='ocrx_word' id='word_1_213' title='bbox 1271 3839 1386 3900; x_wconf 91' lang='lat' dir='ltr'>habitu</span> <span class='ocrx_word' id='word_1_214' title='bbox 1410 3856 1500 3901; x_wconf 91' lang='lat' dir='ltr'>men·</span> 
     </span>
     <span class='ocr_line' id='line_1_28' title="bbox 267 3953 1499 4030; baseline 0 -16"><span class='ocrx_word' id='word_1_215' title='bbox 267 3955 358 4030; x_wconf 87' lang='lat' dir='ltr'>dico,</span> <span class='ocrx_word' id='word_1_216' title='bbox 392 3953 597 4016; x_wconf 86' lang='lat' dir='ltr'>claudicabat</span> <span class='ocrx_word' id='word_1_217' title='bbox 625 3956 745 4030; x_wconf 89' lang='lat' dir='ltr'>pannis</span> <span class='ocrx_word' id='word_1_218' title='bbox 773 3953 902 4015; x_wconf 89' lang='lat' dir='ltr'>obsitus</span> <span class='ocrx_word' id='word_1_219' title='bbox 924 3953 1140 4030; x_wconf 88' lang='lat' dir='ltr'>Philoctetes,</span> <span class='ocrx_word' id='word_1_220' title='bbox 1169 3953 1376 4014; x_wconf 91' lang='lat' dir='ltr'>claudicabat</span> <span class='ocrx_word' id='word_1_221' title='bbox 1398 3954 1499 4014; x_wconf 89' lang='lat' dir='ltr'>Belle·</span> 
     </span>
     <span class='ocr_line' id='line_1_29' title="bbox 266 4066 1500 4143; baseline -0.001 -15"><span class='ocrx_word' id='word_1_222' title='bbox 266 4069 396 4143; x_wconf 93' lang='lat' dir='ltr'>rophon</span> <span class='ocrx_word' id='word_1_223' title='bbox 428 4068 628 4143; x_wconf 86' lang='lat' dir='ltr'>sordidatus,</span> <span class='ocrx_word' id='word_1_224' title='bbox 657 4066 691 4127; x_wconf 94' lang='lat' dir='ltr'>in</span> <span class='ocrx_word' id='word_1_225' title='bbox 713 4066 805 4127; x_wconf 88' lang='lat' dir='ltr'>tonui</span> <span class='ocrx_word' id='word_1_226' title='bbox 827 4068 1008 4141; x_wconf 85' lang='lat' dir='ltr'>attritoque</span> <span class='ocrx_word' id='word_1_227' title='bbox 1031 4067 1166 4143; x_wconf 88' lang='lat' dir='ltr'>palliolo</span> <span class='ocrx_word' id='word_1_228' title='bbox 1189 4067 1313 4142; x_wconf 87' lang='lat' dir='ltr'>frigora</span> <span class='ocrx_word' id='word_1_229' title='bbox 1335 4066 1500 4127; x_wconf 91' lang='lat' dir='ltr'>brumalia</span> 
     </span>
     <span class='ocr_line' id='line_1_30' title="bbox 266 4180 1500 4260; baseline 0.001 -19"><span class='ocrx_word' id='word_1_230' title='bbox 266 4180 457 4256; x_wconf 85' lang='lat' dir='ltr'>perferebat</span> <span class='ocrx_word' id='word_1_231' title='bbox 486 4181 663 4255; x_wconf 85' lang='lat' dir='ltr'>Alcmeon;</span> <span class='ocrx_word' id='word_1_232' title='bbox 696 4182 839 4259; x_wconf 90' lang='lat' dir='ltr'>Oeneus,</span> <span class='ocrx_word' id='word_1_233' title='bbox 864 4183 1029 4260; x_wconf 87' lang='lat' dir='ltr'>Phoenix,</span> <span class='ocrx_word' id='word_1_234' title='bbox 1054 4183 1233 4260; x_wconf 77' lang='lat' dir='ltr'>Thyestes,</span> <span class='ocrx_word' id='word_1_235' title='bbox 1257 4183 1332 4259; x_wconf 89' lang='lat' dir='ltr'>Ino,</span> <span class='ocrx_word' id='word_1_236' title='bbox 1358 4182 1500 4243; x_wconf 90' lang='lat' dir='ltr'>aliorum</span> 
     </span>
     <span class='ocr_line' id='line_1_31' title="bbox 266 4296 1501 4372; baseline 0.002 -18"><span class='ocrx_word' id='word_1_237' title='bbox 266 4296 445 4356; x_wconf 91' lang='lat' dir='ltr'>hominum</span> <span class='ocrx_word' id='word_1_238' title='bbox 467 4310 649 4370; x_wconf 89' lang='lat' dir='ltr'>pauperum</span> <span class='ocrx_word' id='word_1_239' title='bbox 669 4299 703 4356; x_wconf 90' lang='lat' dir='ltr'>et</span> <span class='ocrx_word' id='word_1_240' title='bbox 721 4297 934 4370; x_wconf 91' lang='lat' dir='ltr'>querulorum</span> <span class='ocrx_word' id='word_1_241' title='bbox 954 4298 1057 4357; x_wconf 89' lang='lat' dir='ltr'>densa</span> <span class='ocrx_word' id='word_1_242' title='bbox 1076 4300 1210 4357; x_wconf 87' lang='lat' dir='ltr'>caterva</span> <span class='ocrx_word' id='word_1_243' title='bbox 1222 4311 1280 4371; x_wconf 92' lang='lat' dir='ltr'>per</span> <span class='ocrx_word' id='word_1_244' title='bbox 1291 4297 1501 4372; x_wconf 91' lang='lat' dir='ltr'>proscenium</span> 
     </span>
     <span class='ocr_line' id='line_1_32' title="bbox 266 4409 1502 4484; baseline 0.001 -15"><span class='ocrx_word' id='word_1_245' title='bbox 266 4409 482 4484; x_wconf 87' lang='lat' dir='ltr'>Euripideum</span> <span class='ocrx_word' id='word_1_246' title='bbox 514 4409 718 4470; x_wconf 88' lang='lat' dir='ltr'>versabatur.</span> <span class='ocrx_word' id='word_1_247' title='bbox 751 4411 804 4471; x_wconf 84' lang='lat' dir='ltr'>Sic</span> <span class='ocrx_word' id='word_1_248' title='bbox 833 4411 960 4471; x_wconf 86' lang='lat' dir='ltr'>scilicet</span> <span class='ocrx_word' id='word_1_249' title='bbox 989 4411 1141 4471; x_wconf 87' lang='lat' dir='ltr'>facilibus</span> <span class='ocrx_word' id='word_1_250' title='bbox 1171 4426 1289 4471; x_wconf 89' lang='lat' dir='ltr'>musae</span> <span class='ocrx_word' id='word_1_251' title='bbox 1315 4410 1502 4471; x_wconf 91' lang='lat' dir='ltr'>humilioris</span> 
     </span>
     <span class='ocr_line' id='line_1_33' title="bbox 267 4520 1375 4600; baseline 0.001 -18"><span class='ocrx_word' id='word_1_252' title='bbox 267 4520 422 4583; x_wconf 86' lang='lat' dir='ltr'>artificiis</span> <span class='ocrx_word' id='word_1_253' title='bbox 446 4522 609 4584; x_wconf 88' lang='lat' dir='ltr'>molestus</span> <span class='ocrx_word' id='word_1_254' title='bbox 631 4521 687 4583; x_wconf 93' lang='lat' dir='ltr'>ille</span> <span class='ocrx_word' id='word_1_255' title='bbox 710 4524 810 4585; x_wconf 94' lang='lat' dir='ltr'>homo</span> <span class='ocrx_word' id='word_1_256' title='bbox 833 4523 991 4584; x_wconf 89' lang='lat' dir='ltr'>lacrimas</span> <span class='ocrx_word' id='word_1_257' title='bbox 1013 4524 1134 4600; x_wconf 90' lang='lat' dir='ltr'>popelli</span> <span class='ocrx_word' id='word_1_258' title='bbox 1157 4523 1375 4586; x_wconf 88' lang='lat' dir='ltr'>sollicitabatl</span> 
     </span>
    </p>

    <p class='ocr_par' dir='ltr' id='par_1_4' title="bbox 267 4636 1503 4827">
     <span class='ocr_line' id='line_1_34' title="bbox 316 4636 1503 4713; baseline 0.003 -16"><span class='ocrx_word' id='word_1_259' title='bbox 316 4638 355 4698; x_wconf 92' lang='lat' dir='ltr'>In</span> <span class='ocrx_word' id='word_1_260' title='bbox 385 4636 654 4698; x_wconf 88' lang='lat' dir='ltr'>Acharnensibus</span> <span class='ocrx_word' id='word_1_261' title='bbox 684 4640 798 4698; x_wconf 89' lang='lat' dir='ltr'>autem</span> <span class='ocrx_word' id='word_1_262' title='bbox 828 4637 941 4698; x_wconf 87' lang='lat' dir='ltr'>fabula</span> <span class='ocrx_word' id='word_1_263' title='bbox 969 4637 1212 4713; x_wconf 90' lang='lat' dir='ltr'>Aristophanes</span> <span class='ocrx_word' id='word_1_264' title='bbox 1243 4638 1370 4713; x_wconf 91' lang='lat' dir='ltr'>pridem</span> <span class='ocrx_word' id='word_1_265' title='bbox 1401 4639 1503 4701; x_wconf 89' lang='lat' dir='ltr'>libere</span> 
     </span>
     <span class='ocr_line' id='line_1_35' title="bbox 267 4751 1502 4827; baseline 0.004 -16"><span class='ocrx_word' id='word_1_266' title='bbox 267 4751 457 4812; x_wconf 89' lang='lat' dir='ltr'>indulserat</span> <span class='ocrx_word' id='word_1_267' title='bbox 478 4752 587 4812; x_wconf 90' lang='lat' dir='ltr'>studio</span> <span class='ocrx_word' id='word_1_268' title='bbox 611 4752 777 4827; x_wconf 89' lang='lat' dir='ltr'>tragicum</span> <span class='ocrx_word' id='word_1_269' title='bbox 800 4752 969 4813; x_wconf 88' lang='lat' dir='ltr'>irridendi.</span> <span class='ocrx_word' id='word_1_270' title='bbox 992 4752 1078 4812; x_wconf 87' lang='lat' dir='ltr'>Nam</span> <span class='ocrx_word' id='word_1_271' title='bbox 1102 4752 1215 4812; x_wconf 90' lang='lat' dir='ltr'>Iustus</span> <span class='ocrx_word' id='word_1_272' title='bbox 1239 4752 1295 4813; x_wconf 92' lang='lat' dir='ltr'>ille</span> <span class='ocrx_word' id='word_1_273' title='bbox 1319 4752 1402 4813; x_wconf 90' lang='lat' dir='ltr'>civis</span> <span class='ocrx_word' id='word_1_274' title='bbox 1426 4770 1502 4815; x_wconf 90' lang='lat' dir='ltr'>cum</span> 
     </span>
    </p>
   </div>
   <div class='ocr_carea' id='block_1_3' title="bbox 267 4865 1503 5018">
    <p class='ocr_par' dir='ltr' id='par_1_5' title="bbox 267 4865 1503 5018">
     <span class='ocr_line' id='line_1_36' title="bbox 267 4865 1503 4943; baseline 0.002 -17"><span class='ocrx_word' id='word_1_275' title='bbox 267 4865 441 4943; x_wconf 85' lang='lat' dir='ltr'>professus</span> <span class='ocrx_word' id='word_1_276' title='bbox 471 4867 561 4927; x_wconf 89' lang='lat' dir='ltr'>esset</span> <span class='ocrx_word' id='word_1_277' title='bbox 590 4881 627 4926; x_wconf 89' lang='lat' dir='ltr'>se</span> <span class='ocrx_word' id='word_1_278' title='bbox 656 4866 811 4941; x_wconf 88' lang='lat' dir='ltr'>agricolis</span> <span class='ocrx_word' id='word_1_279' title='bbox 838 4866 1002 4927; x_wconf 90' lang='lat' dir='ltr'>bellicosis</span> <span class='ocrx_word' id='word_1_280' title='bbox 1025 4869 1289 4940; x_wconf 89' lang='lat' dir='ltr'>argumentando</span> <span class='ocrx_word' id='word_1_281' title='bbox 1313 4868 1503 4943; x_wconf 89' lang='lat' dir='ltr'>comproba·</span> 
     </span>
     <span class='ocr_line' id='line_1_37' title="bbox 352 4972 1393 5018; baseline 0.003 -3"><span class='ocrx_word' id='word_1_282' title='bbox 352 4972 399 5015; x_wconf 65' lang='lat' dir='ltr'>aa.</span> <span class='ocrx_word' id='word_1_283' title='bbox 1381 4975 1393 5018; x_wconf 83' lang='lat' dir='ltr'>r</span> 
     </span>
    </p>
   </div>
   <div class='ocr_carea' id='block_1_4' title="bbox 0 0 2039 5950">
    <p class='ocr_par' dir='ltr' id='par_1_6' title="bbox 0 0 2039 5950">
     <span class='ocr_line' id='line_1_38' title="bbox 0 0 2039 5950; baseline 0 0"><span class='ocrx_word' id='word_1_284' title='bbox 0 0 2039 5950; x_wconf 95' lang='lat' dir='ltr'> </span> 
     </span>
    </p>
   </div>
  </div>
 </body>
</html>
