4067 5950
669 796 712 842 nx
733 796 842 843 τωο
864 795 1016 844 ramiro.
1391 787 1456 848 273

449 964 486 1028 ἵν’
513 962 579 1029 ἅτθ’
606 965 622 1028 δ
646 967 741 1047 κήρνξ
764 964 822 1028 οὖν
845 968 1081 1046 Λακεδαίμονος
1105 966 1181 1106 deplet
1286 1054 1289 1107 Ι
1321 1047 1392 1091 πάλιν

449 1106 601 1188 πύθησθ’·
624 1108 747 1187 ἀφῖκται
771 1109 827 1191 γὰρ
850 1109 918 1190 περὶ
941 1112 1085 1172 σπονδῶν
1108 1112 1210 1191 λέγων.

271 1223 309 1284 Ιο
337 1225 490 1299 margine
519 1226 587 1285 iam
618 1225 776 1286 exulabat
805 1223 908 1301 πάλιν,
938 1228 1055 1301 utpote
1078 1226 1177 1287 lectio
1201 1228 1345 1301 sequior.
1371 1228 1459 1303 Quae

232 1338 262 1397 in
288 1339 470 1414 exemplari
502 1343 555 1417 (ai,
584 1340 671 1400 unde
695 1340 723 1400 R
743 1343 793 1399 est
817 1340 1002 1417 excriptus,
1027 1340 1178 1415 neglecta
1202 1345 1270 1415 est;
1295 1359 1402 1417 neque
1423 1344 1458 1405 id

232 1452 429 1528 mirandum,
462 1454 619 1527 quoniam
649 1453 805 1527 Equitum
836 1453 968 1516 tabulae
998 1456 1080 1515 haec
1109 1470 1187 1531 pars
1209 1457 1243 1516 iu
1267 1457 1324 1519 illo
1348 1473 1456 1518 exem·

232 1564 311 1639 plari
334 1597 375 1609 -
401 1568 439 1625 ut
460 1570 495 1627 ei
517 1566 551 1627 in
574 1566 647 1641 ipso
670 1567 698 1627 R
723 1599 764 1611 -
788 1566 880 1627 uuila
904 1567 1019 1630 habuit
1040 1569 1170 1629 scholia
1188 1574 1245 1631 aui
1264 1570 1455 1646 interprete·

233 1682 350 1740 menta.
382 1680 478 1740 Alius
509 1694 587 1741 vero
611 1680 733 1741 codicis
755 1696 777 1756 y
798 1678 888 1739 fliius
911 1685 948 1750 (ο)
973 1682 1166 1742 adverbium
1191 1682 1281 1741 πάλιν
1304 1685 1457 1758 proximo

232 1792 337 1853 versui
371 1793 538 1869 adiunxit,
576 1794 610 1853 et
641 1794 689 1854 sic
719 1793 898 1854 adauctum
928 1794 1022 1855 iilum
1056 1809 1190 1855 versum
1223 1795 1359 1857 exhibet
1388 1798 1457 1858 iam

233 1906 350 1966 codicis
372 1922 391 1965 o
414 1907 512 1967 hodie
535 1906 699 1981 deperditi
722 1906 832 1981 proles
855 1906 1116 1970 VAPdPalai.
1142 1909 1171 1969 M
1190 1904 1221 1979 ¹).

272 2021 388 2094 Itaque
411 2020 641 2081 huiuscemodi
664 2019 823 2080 delineari
845 2022 952 2095 potest
976 2024 1138 2081 stemma:

1030 2842 1094 2900 ΑΙ
1110 2840 1136 2899 Θ
1159 2842 1263 2902 Paiat.
1289 2844 1319 2903 M
1337 2838 1371 2913 ²).

273 2988 469 3051 Communia
492 3006 570 3052 vero
593 3007 677 3066 quae
700 2991 782 3053 viiia
799 2991 922 3054 babent
939 2991 968 3051 V
987 2995 1021 3054 et
1040 2993 1081 3070 R,
1103 3008 1143 3055 ea
1160 2994 1258 3068 longe
1271 2996 1453 3056 maximam

233 3106 357 3176 partem
387 3107 469 3165 sunt
497 3105 661 3166 eiusmodi
689 3106 726 3166 ui
748 3104 887 3167 ducibus
909 3109 1018 3167 metro
1041 3109 1076 3168 et
1099 3109 1170 3169 arte
1194 3110 1414 3182 grammatica
1437 3125 1457 3169 a

233 3219 344 3288 quovis
374 3219 505 3295 possint
534 3219 670 3295 corrigi;
701 3235 822 3295 parum
851 3221 953 3296 igitur
980 3221 1116 3295 prodest
1138 3221 1267 3282 codices
1289 3224 1458 3296 aequiores

234 3332 441 3407 perscrutari,
466 3346 509 3392 an
531 3331 618 3394 torte
642 3332 745 3393 etiam
770 3333 843 3393 sine
867 3333 1101 3394 coniecturalis
1125 3335 1207 3394 artis
1231 3350 1293 3409 ope
1315 3330 1375 3414 τᾶρ’
1400 3353 1458 3411 pro

234 3443 285 3522 peip
313 3444 420 3520 possit
443 3444 544 3506 scribi
568 3460 610 3506 ex
635 3446 807 3508 chartulae
831 3445 970 3507 alicuius
994 3447 1203 3523 auctoritaie,
1227 3449 1279 3507 vel
1301 3442 1376 3531 κᾷτα
1398 3465 1456 3524 pro

234 3557 312 3619 κατά.
336 3558 386 3619 Ad
408 3558 491 3621 talia
509 3558 544 3620 in
562 3559 732 3635 integrum
752 3559 960 3621 restituenda
978 3559 1089 3622 nullos
1108 3561 1237 3622 codices
1249 3562 1459 3636 requirebant

235 3671 356 3732 Benna
385 3669 440 3732 vel
470 3670 619 3734 Porsoni.
651 3672 743 3750 Alia,
775 3688 860 3748 quae
890 3673 1044 3749 graviora
1071 3677 1167 3750 sunt,
1192 3678 1270 3735 ante
1294 3678 1453 3753 aetatem,

235 3799 293 3856 qua
315 3785 503 3845 communis
526 3787 716 3846 nostrorum
741 3786 893 3847 codicum
917 3789 1038 3848 atavus
1061 3789 1160 3848 natus
1184 3790 1249 3863 eet,
1270 3789 1303 3848 in
1322 3793 1455 3851 textum

234 3897 439 3974 irrepserunt,
453 3898 565 3972 itaque
577 3900 635 3960 aut
646 3900 815 3960 toleranda
827 3905 906 3961 sunt
918 3903 977 3961 aut
988 3900 1105 3960 invitis
1118 3900 1283 3962 codicibus
1296 3905 1457 3977 quotquot

235 4009 399 4072 innotuere
422 4010 615 4086 corrigenda
636 4015 717 4074 sunt
739 4014 913 4089 omnibus;
934 4014 1089 4090 exemplo
1109 4015 1178 4075 sint
1197 4017 1294 4077 haec:
1314 4015 1455 4076 bnoddoo

236 4121 281 4194 τὰς
301 4123 485 4203 καταράτους
504 4121 638 4204 ἐμβάδας
652 4171 658 4183 ,
672 4170 694 4184 ..
713 4123 852 4187 ὑπόδυθι
865 4173 871 4185 ,
885 4173 910 4186 ..
930 4125 1151 4187 ὑποδύσασθαι
1164 4173 1170 4185 .
1183 4174 1189 4186 .
1204 4126 1457 4204 enodaremus

238 4251 305 4311 pro:
335 4236 474 4298 ὑπολύου
488 4283 494 4296 .
507 4282 534 4298 ..
565 4235 687 4298 inodori
701 4285 707 4297 .
720 4285 747 4297 ..
774 4237 994 4316 ὑποδήσασθαι
1007 4287 1013 4299 .
1027 4286 1033 4298 .
1048 4286 1054 4299 .
1079 4239 1312 4319 ὑποδησάμενος
1327 4237 1358 4313 ³).

268 4468 286 4533 ¹)
302 4473 371 4520 Idem
388 4473 482 4521 vitium
499 4473 526 4518 in
541 4471 604 4518 ΨΒ
620 4471 727 4531 irrepsit
744 4472 792 4531 liq.
811 4473 890 4519 1³51:
908 4476 1002 4535 μακράς
1020 4468 1064 4533 v¹J
1083 4475 1154 4530 λόγων
1170 4473 1240 4522 WB.
1252 4476 1457 4524 ConsimileVR

238 4548 327 4598 hebent
343 4553 403 4599 Pae.
421 4553 471 4598 920
488 4550 567 4609 (corr.
582 4550 713 4609 Diodoro.
1273 4599 1275 4602 .

267 4623 286 4685 ²)
301 4629 373 4677 britto
395 4643 522 4691 quaerere
546 4628 676 4692 quomodo
699 4630 769 4676 inter
790 4641 819 4674 ee
845 4630 1004 4677 cohaereant
1028 4631 1133 4678 codices
1155 4633 1329 4680 Al'idPalat.
1352 4635 1378 4680 Μ
1399 4635 1456 4690 alii;

239 4705 347 4756 codicum
366 4710 550 4756 Acharneuses
569 4708 687 4755 tabulam
705 4708 884 4756 exhibentium
903 4714 1017 4756 stemma
1034 4712 1156 4771 improbo
1174 4711 1263 4759 labore
1281 4716 1358 4759 echte
1375 4728 1459 4774 nuper

241 4786 326 4834 sanxit
340 4790 370 4835 li.
386 4787 453 4847 Cary
469 4787 587 4836 Harrerd
606 4788 713 4835 Studies
733 4789 798 4836 190‘1
817 4802 843 4848 p.
863 4790 909 4835 157
931 4803 987 4848 sqq.

270 4860 290 4926 ⁸)
305 4867 378 4929 vesp.
395 4868 460 4916 115⁷
479 4880 536 4926 sqq.

289 4952 332 4998 AB.
1349 4959 1375 5002 18
