4067 5950
558 743 621 805 154
1075 755 1116 800 66
1140 755 1266 802 nomas

554 929 655 992 decus
685 930 718 989 et
744 927 859 1005 honor,
873 973 880 990 .
895 973 925 990 ..
948 927 1007 990 sed
1032 927 1137 990 vitam
1167 929 1206 988 ut
1232 927 1315 990 bene
1338 929 1372 989 et
1393 927 1534 990 feliciter
1556 929 1662 1004 possit
1685 931 1789 989 trans·

554 1043 659 1120 igere,
684 1055 768 1102 suus
791 1040 837 1102 alt
860 1056 997 1103 necesse
1017 1043 1087 1116 eet;
1111 1055 1189 1103 nam
1210 1054 1305 1104 suam
1325 1041 1464 1116 quisque
1487 1041 1715 1119 111111116111,
1735 1057 1792 1102 sua

556 1156 669 1217 mente
692 1154 810 1231 utitur,
834 1155 905 1216 61116
924 1153 1099 1217 affectibus
1120 1156 1285 1232 movetur,
1311 1169 1373 1217 sua
1395 1155 1497 1216 habet
1519 1156 1592 1220 iura
1616 1189 1657 1200 -
1682 1157 1719 1216 et
1736 1171 1793 1215 sua

556 1266 674 1329 cilicia
717 1267 862 1343 Improbi
900 1267 1081 1330 nebulones
1116 1282 1194 1328 cum
1227 1266 1389 1343 discipulo
1421 1267 1478 1330 illo
1513 1284 1532 1330 e
1564 1270 1790 1345 sophistarum

534 1381 754 1481 ¹lieditaculo
783 1383 910 1444 recenti
940 1382 1109 1445 clamanto
1139 1382 1193 1442 ius
1217 1396 1291 1443 6666
1313 1382 1421 1444 cuivis
1444 1383 1597 1457 quicquid
1622 1399 1664 1443 ex
1689 1383 1792 1458 ipsius

556 1510 591 1557 re
621 1495 684 1557 eit:
717 1529 758 1540 -
791 1497 987 1557 contemtim
1020 1494 1208 1570 repellenda
1238 1497 1318 1556 sunt
1346 1495 1538 1558 istiusmodi
1566 1495 1704 1573 placita,
1740 1496 1792 1555 sed

557 1608 659 1669 simul
689 1610 875 1671 cavendum
905 1623 948 1670 66
970 1609 1004 1669 16
1030 1609 1234 1671 contrarium
1259 1623 1404 1670 errorem
1426 1611 1562 1670 ruentes
1584 1609 1792 1684 singulorum

556 1722 629 1783 iura
659 1725 731 1784 tam
762 1725 861 1784 anxie
891 1729 1105 1784 coerceamus
1136 1725 1174 1784 ut
1203 1721 1297 1784 liberi
1321 1723 1449 1785 arbitrii
1474 1724 1531 1784 vix
1554 1725 1733 1799 quiequam
1758 1723 1794 1782 iis

557 1836 663 1897 restet
693 1836 727 1896 61
756 1836 790 1896 16
822 1851 999 1898 6661611166
1029 1836 1244 1898 conterantur
1266 1837 1390 1898 omnia.
1414 1835 1598 1898 Felicitatis
1620 1837 1724 1898 homo
1748 1838 1796 1897 eet

558 1949 730 2027 appetens,
754 1950 796 2011 ad
819 1948 1014 2010 felicitatem
1034 1951 1146 2012 autem
1166 1963 1271 2011 6611111
1291 1950 1444 2011 conducit
1462 1951 1565 2011 animi
1587 1950 1794 2026 corporisque

558 2066 861 2138 temperamentum
893 2063 1036 2125 liberum
1068 2066 1167 2139 atque
1199 2063 1384 2138 aequabile,
1418 2065 1470 2124 cui
1501 2065 1654 2137 quicquid
1685 2064 1795 2123 adver·

559 2177 663 2253 satur,
688 2179 785 2239 nocet
808 2181 843 2238 61
865 2177 982 2240 turbae
1004 2179 1120 2254 gignit.

603 2412 697 2473 Talia
725 2413 968 2489 Aristophanes
997 2416 1032 2475 in
1062 2417 1177 2476 mente
1200 2415 1332 2490 habuit,
1356 2430 1431 2476 cum
1457 2414 1724 2488 semiramiam,
1749 2414 1796 2473 oui

560 2526 709 2586 Mulieres
730 2527 945 2588 concionantes
966 2528 1040 2588 slve
1062 2528 1272 2588 Feminarum
1295 2528 1472 2603 Imperium
1491 2527 1582 2589 dedit
1600 2543 1739 2590 nomen.
1759 2527 1795 2586 lit

558 2639 743 2700 luculenter
762 2641 906 2702 testatur
925 2641 1107 2719 6616111116,
1129 2657 1194 2716 qua
1207 2643 1279 2702 vita
1293 2642 1481 2717 promiscua
1493 2641 1632 2703 ludibrio
1644 2641 1794 2712 habetur,

422 2806 434 2835 s
559 2770 614 2817 ree
643 2755 810 2816 1111616666
839 2756 995 2831 ipsosque
1022 2756 1175 2817 homines
1199 2757 1229 2817 ei
1252 2755 1372 2817 melius
1394 2755 1499 2816 luisse
1522 2755 1672 2830 cognitos
1697 2771 1794 2830 quam

559 2885 682 2945 magno
704 2869 753 2931 illi
776 2869 984 2946 philosopho,
1009 2870 1066 2943 qui
1088 2870 1176 2931 66116
1199 2885 1301 2944 agens
1320 2873 1353 2930 61
1373 2869 1487 2944 generi
1506 2869 1653 2930 humano
1672 2870 1794 2944 optime

562 2984 678 3045 volens
711 2985 883 3046 civitatem
917 2984 967 3046 ita
1000 2986 1132 3046 inst'tui
1162 2986 1270 3046 iussit.
1301 2986 1395 3047 Plato
1426 2985 1584 3046 mulieres
1614 3000 1680 3045 non
1713 2983 1793 3044 tant·

560 3097 702 3161 iaciebat
725 3098 801 3172 quin
825 3097 910 3177 satis
933 3099 1068 3159 honoris
1091 3100 1140 3160 eis
1163 3099 1276 3160 haberi
1301 3101 1449 3161 66666161
1472 3099 1501 3158 61
1523 3098 1702 3159 liberorum
1728 3111 1794 3173 pro·

561 3212 776 3272 creandorum
813 3227 915 3272 causa
947 3213 1030 3274 bene
1060 3215 1267 3275 nutrirentur
1298 3217 1332 3274 et
1361 3214 1602 3286 exercerentur,
1634 3215 1674 3272 ut
1697 3222 1795 3285 equae

561 3340 703 3385 canesve
734 3326 978 3401 generosiores:
1011 3329 1109 3402 poeta
1139 3342 1219 3390 vero
1250 3328 1410 3403 comicus,
1443 3326 1497 3399 qui
1528 3324 1568 3385 da
1598 3324 1736 3385 feminis
1759 3356 1794 3366 -

563 3439 599 3498 ut
629 3439 669 3499 de
693 3439 774 3500 viris
798 3473 836 3483 —
863 3439 1052 3515 petulanter
1076 3441 1109 3500 61
1132 3440 1256 3501 ludicre
1279 3440 1365 3503 dixit
1387 3439 1543 3515 plurima,
1569 3437 1670 3513 probe
1694 3436 1796 3497 sensit

563 3554 741 3614 mulierum
783 3553 842 3614 illa
884 3554 1134 3629 communione,
1171 3570 1270 3627 quam
1306 3554 1393 3614 inter
1427 3552 1582 3627 aequales
1615 3556 1713 3612 61661
1747 3549 1796 3623 qui

564 3669 836 3728 commendarent
866 3669 981 3743 utpote
1012 3667 1177 3728 malorum
1214 3667 1362 3728 civilium
1398 3666 1583 3726 remedium
1615 3664 1795 3725 efficacissi·

526 3786 529 3795 '
563 3796 670 3858 mum,
708 3781 944 3841 contumeliam
979 3779 1051 3841 fleri
1086 3782 1217 3855 generis
1251 3780 1389 3841 humani
1423 3780 1509 3855 parti
1545 3777 1646 3839 611611·
1672 3778 1796 3854 ipsique

563 3895 645 3955 adeo
668 3894 872 3954 humanitati
894 3894 964 3954 vim
987 3894 1113 3955 inferri.

609 4010 706 4069 Anno
730 4010 794 4069 392
819 4024 940 4070 666666
964 4010 1145 4070 6661161666
1168 4008 1368 4084 6611611116,
1393 4008 1554 4068 incertum
1576 4005 1696 4081 quibus
1716 4003 1796 4065 ludis

565 4137 671 4197 quove
695 4124 828 4182 eventu.
852 4123 1002 4183 Primum
1026 4124 1230 4198 praemium,
1250 4137 1314 4196 quo
1338 4124 1410 4182 erat
1434 4120 1645 4195 dignissima,
1670 4120 1795 4180 utinam

566 4236 596 4297 ei
619 4235 717 4295 fuerit
741 4236 928 4296 decretumt

611 4348 750 4408 Summa
791 4347 889 4408 laude
931 4348 1073 4408 dicimus
1115 4349 1360 4423 dignissimam.
1402 4347 1584 4407 Dissimilis
1620 4358 1796 4421 sanequam

567 4460 836 4521 Acharnenslbus
859 4461 912 4521 161
936 4462 1079 4522 Avibus!
1105 4461 1171 4521 Alii
1191 4461 1344 4521 videlicet
1363 4460 1535 4521 auctumni
1558 4461 1638 4520 sunt
1661 4458 1795 4531 colores,

567 4574 624 4633 alii
653 4573 780 4634 frondis
809 4590 926 4636 novae.
956 4575 1078 4635 Viridis
1105 4577 1177 4635 6161
1199 4576 1300 4649 poeta
1322 4590 1398 4635 cum
1426 4574 1516 4648 pacis
1540 4574 1664 4647 otiique
1687 4569 1797 4634 rustici

568 4686 687 4747 cecinit
722 4685 837 4748 laudea
872 4691 907 4749 et
941 4688 1021 4748 diris
1051 4688 1186 4749 devovit
1216 4687 1294 4748 belli
1324 4688 1508 4761 studiosos;
1541 4685 1656 4746 viridis
1679 4690 1708 4746 ei
1734 4686 1799 4745 erat

568 4814 659 4877 epea,
691 4800 798 4861 viride
829 4801 1000 4878 iuventas,
1032 4802 1172 4863 necdum
1205 4801 1284 4861 anni
1313 4799 1495 4862 attulerant
1515 4815 1626 4861 rerum
1650 4800 1797 4875 pennam
