4067 5950
758 822 799 866 nit
822 820 952 869 munais.

441 1159 462 1232 θ
483 1153 517 1216 8.
542 1154 594 1215 De
615 1154 753 1215 lambis
773 1154 945 1214 dimetria
966 1157 1005 1214 et
1024 1155 1281 1216 monometris.

287 1354 338 1414 Ut
363 1370 480 1416 versus
503 1356 668 1432 heroicus,
692 1356 742 1417 sic
763 1355 971 1416 scenicorum
997 1370 1115 1417 versus
1138 1357 1327 1418 tetrametri
1350 1374 1368 1418 e
1390 1358 1477 1419 binis

242 1469 409 1530 membris
431 1470 635 1532 coaluerunt.
658 1470 700 1531 st
721 1468 853 1531 iambos
875 1469 1090 1530 tetrametros
1108 1474 1179 1531 tam
1198 1472 1331 1546 penitus
1350 1473 1475 1533 sensim

242 1583 411 1644 coaluisse
433 1586 472 1644 ut
492 1584 587 1645 locus
610 1583 851 1645 commissurae
874 1583 946 1643 sive
970 1598 1090 1659 pausa,
1115 1598 1200 1658 quae
1218 1587 1293 1659 post
1313 1586 1478 1660 dipodiam

241 1697 428 1757 secundam
453 1699 525 1757 erat
547 1697 710 1774 legitima,
735 1712 755 1757 a
777 1696 886 1773 poetis
910 1697 1047 1758 comicis
1074 1699 1146 1758 tute
1165 1699 1309 1773 potuerit
1328 1699 1475 1776 neglegi,

241 1811 345 1872 modo
369 1811 532 1886 vidimus;
558 1812 598 1873 de
621 1812 789 1873 trochaeis
810 1812 1016 1873 tetrametris
1040 1811 1128 1873 idem
1152 1811 1263 1873 valere
1286 1827 1367 1875 mox
1389 1813 1477 1875 vide·

241 1925 368 1989 bimus.
391 1926 430 1985 In
453 1927 643 2002 anapaestis
667 1941 743 1987 vero
766 1940 873 2002 pausa
895 1925 1009 1987 sedulo
1034 1940 1166 2002 semper
1189 1928 1242 1987 est
1265 1929 1410 1987 servata.

288 2038 468 2099 Orationes
498 2039 663 2114 longiores
681 2038 887 2100 tetrametrls
907 2041 1084 2114 conceptae
1103 2039 1210 2101 claudi
1227 2039 1337 2100 solent
1355 2040 1481 2115 aliquot

242 2151 412 2227 dimetria,
436 2153 642 2214 intermixtis
666 2167 765 2228 saepe
784 2167 850 2214 uno
869 2152 1061 2228 pluribusve
1073 2156 1305 2228 monometris,
1326 2154 1375 2214 sic
1391 2154 1478 2218 tere:

619 2290 712 2325 uto-
735 2290 829 2327 ῡιυ-
853 2237 944 2327 uno-
968 2273 1053 2327 orL-
1078 2271 1164 2339 (etc.)

616 2402 708 2440 ῦιυ-
731 2402 824 2439 Oro-
849 2383 935 2451 (etc.)

617 2516 709 2552 ῡιυ-

617 2629 711 2666 ῡέυ-
735 2611 821 2666 ull.-

290 2745 358 2807 Sed
381 2746 415 2806 et
437 2744 500 2806 soli
522 2758 579 2819 per
601 2759 639 2806 se
660 2744 793 2805 dimetri
816 2744 935 2805 multis
960 2743 1042 2806 locis
1064 2747 1144 2806 sunt
1166 2750 1316 2823 usurpati
1341 2750 1479 2813 aliterve

245 2874 328 2919 cum
354 2856 507 2919 versibus
529 2856 733 2933 longioribus
756 2858 936 2935 coniuncti,
962 2874 989 2919 e.
1014 2875 1045 2935 g.
1068 2859 1133 2922 sio:

608 2996 700 3034 ῦιυ.
723 2979 810 3033 uL'...

608 3110 651 3146 ’1
685 3139 701 3147 -
725 3110 817 3147 ono-
840 3079 967 3154 onos)

290 3226 517 3287 Numerorum
547 3224 685 3286 libertas
715 3226 749 3286 in
777 3225 931 3286 dimetris
955 3226 1070 3287 eadem
1095 3242 1179 3301 quae
1203 3227 1236 3288 in
1258 3230 1480 3306 tetrametris;

245 3338 377 3399 eisdem
406 3339 508 3413 igitur
534 3337 668 3399 sedibus
691 3340 893 3415 usurpantur
914 3339 1066 3415 spondei,
1092 3339 1313 3418 tribrachym,
1342 3344 1481 3421 dactyli,

246 3452 433 3528 anapaesti.
457 3452 520 3513 Sed
542 3453 766 3528 systematum
789 3454 941 3513 membra
962 3452 1119 3527 quoniam
1144 3455 1312 3516 artissime
1335 3457 1423 3518 inter
1445 3474 1481 3519 se

247 3567 429 3626 cohaerent
458 3568 491 3627 et
522 3580 638 3628 revera
660 3581 762 3627 uuum
787 3580 923 3627 versum
943 3566 1089 3627 efficiunt
1112 3568 1328 3643 praelongum
1345 3565 1384 3648 ²),
1414 3586 1481 3633 non

247 3681 316 3741 nisi
339 3679 374 3739 in
397 3677 462 3740 fine
485 3682 709 3754 systematum
733 3695 911 3742 concessus
935 3683 986 3741 est
1010 3681 1121 3742 hiatus
1144 3683 1202 3742 aut
1224 3682 1333 3743 brevis
1353 3684 1482 3759 syllaba

248 3808 309 3868 pro
334 3793 435 3867 longa
458 3793 606 3855 habetur.

400 4093 421 4168 θ
441 4088 479 4153 4.
500 4089 554 4153 De
576 4090 815 4168 syllabarum
835 4092 877 4154 in
897 4090 1036 4153 lambis
1056 4092 1337 4168 suppressione.

294 4291 449 4368 Syllabas
468 4292 579 4353 brevis
595 4293 629 4353 in
649 4293 780 4368 dipodia
798 4291 890 4354 finali
909 4292 1142 4369 suppressione
1160 4296 1267 4363 (om-)
1286 4293 1482 4355 clauduntur

251 4405 356 4466 iambi
386 4407 574 4468 tetrametri
604 4409 638 4468 et
662 4406 851 4468 iamborum
873 4408 1069 4481 systemata.
1093 4405 1164 4466 Dici
1187 4407 1270 4466 haec
1293 4409 1483 4482 suppressio

251 4520 339 4580 solet
361 4519 508 4580 coaucta
529 4520 562 4580 et
584 4520 770 4581 catalectici
792 4521 954 4582 vocantur
977 4535 1094 4580 versus
1117 4520 1163 4579 ita
1185 4519 1330 4580 formati.

287 4812 297 4845 r

285 4816 307 4955 ’ζ
324 4817 623 4954 ξιιςῃοηζιεηίῗαῖτοτυω
641 4893 829 4952 undetrigints)
849 4896 965 4951 systems
984 4895 1026 4940 est
1042 4893 1091 4953 Eq.
1109 4895 1158 4941 911
1177 4905 1235 4954 sqq.
