4067 5950
730 755 810 799 vrrs
834 757 873 801 rr
898 757 1067 803 ornamus.
1450 739 1513 802 119

326 929 446 1002 Itaque
476 930 565 990 vlam
597 930 659 992 init
688 929 857 1005 Dionysus
880 929 966 1007 pelle
989 929 1123 993 leonina
1146 928 1301 1002 indutus;
1325 927 1414 988 ferae
1437 927 1521 988 rictu

275 1042 455 1103 teterrimo
490 1041 708 1104 adumbratur
742 1059 780 1104 os
813 1043 966 1118 glabrum
1002 1045 1036 1104 et
1070 1042 1234 1118 puellare;
1265 1041 1377 1102 minus
1408 1043 1520 1102 autern

273 1153 423 1214 hirsutis
450 1154 518 1215 illis
541 1155 674 1216 exuviis
701 1157 905 1218 conveniunt
927 1172 1025 1218 surae
1049 1156 1172 1218 teretes
1197 1153 1369 1216 cothurnis
1391 1154 1522 1214 vinctae

275 1266 562 1342 elegantissimis3
587 1271 622 1328 at
645 1282 768 1330 manus
790 1269 921 1331 clavam
943 1269 1043 1331 librat
1061 1270 1230 1344 ingentem
1250 1270 1283 1330 et
1301 1283 1378 1329 vere
1398 1267 1518 1329 Hereu-

272 1379 381 1441 leam.
414 1380 568 1454 Sequitur
597 1396 737 1456 servus;
767 1397 846 1443 nam
876 1382 1073 1459 pedissequo
1104 1382 1268 1456 quomodo
1291 1384 1401 1442 careat
1423 1380 1518 1459 deus,

274 1508 359 1553 cum
382 1508 425 1553 ne
448 1494 617 1555 tenuiores
639 1494 772 1568 quidem
796 1496 886 1558 cives
909 1492 1154 1558 sine'ministro
1171 1495 1234 1557 iter
1252 1495 1360 1556 iacere
1378 1493 1517 1556 soleant.

325 1606 391 1667 Sed
411 1608 488 1667 ante
513 1609 626 1668 omnia
650 1608 822 1670 adeundus
845 1609 1016 1672 Hercules.
1043 1609 1103 1685 Qui
1126 1610 1195 1671 rlsu
1219 1623 1323 1684 paene
1346 1608 1516 1684 emoritur,

273 1734 360 1779 cum
383 1719 536 1794 pulcrum
560 1721 665 1782 cernit
686 1722 843 1783 iuvenem
871 1723 986 1784 habitu
1010 1723 1095 1784 mire
1118 1721 1238 1785 martio
1261 1723 1431 1794 ornatum;
1454 1721 1518 1782 lter

273 1838 398 1896 autem
428 1850 491 1908 quo
523 1835 640 1896 tendat
663 1838 840 1912 postquam
865 1837 1008 1913 audivit,
1034 1839 1147 1912 stupet
1169 1836 1282 1896 fratris
1305 1834 1516 1896 domentiam.

272 1949 367 2008 Nam
392 1949 510 2023 sponte
530 1963 731 2022 quemquam
752 1950 846 2010 tanta
865 1949 930 2010 sibl
948 1949 1083 2024 negotia
1099 1949 1264 2010 facessere
1282 1949 1415 2023 propter
1433 1961 1516 2008 mor·

273 2063 381 2122 tuum
406 2064 555 2138 poetam,
579 2061 611 2122 id
635 2062 700 2138 ipsi
719 2062 778 2122 vix
798 2062 967 2140 credibile,
987 2063 1107 2139 quippe
1127 2062 1190 2123 cibi
1209 2075 1308 2135 quam
1328 2060 1515 2122 litterarum

273 2175 393 2249 magis
412 2174 551 2234 curioso.
573 2174 635 2235 Sed
655 2174 798 2236 libenter
817 2175 912 2237 docet
929 2177 1068 2237 fratrem
1088 2190 1172 2250 quae
1184 2174 1317 2249 cognita
1327 2174 1518 2249 proderunt.

274 2289 421 2362 Iamque
444 2291 644 2363 personatus
667 2288 829 2350 Hercules
851 2290 921 2351 abit
943 2290 976 2351 ln
1000 2304 1139 2364 regnum
1164 2288 1369 2349 umbrarum.

325 2399 420 2476 Quod
441 2401 505 2461 iter
528 2416 630 2474 aeque
653 2402 785 2462 varium
809 2403 908 2476 atque
931 2401 1111 2463 molestum
1135 2401 1199 2463 luit
1217 2402 1314 2474 atque
1333 2401 1443 2463 Ulixis
1461 2402 1518 2464 illa

275 2530 385 2589 quam
416 2516 546 2589 priscus
562 2506 739 2576 'Homerus
762 2515 885 2576 cecinit
905 2513 1023 2576 νέκυια.
1047 2515 1097 2576 Ad
1120 2515 1230 2576 lacum
1254 2514 1337 2576 satis
1361 2515 1426 2575 cito
1449 2532 1518 2591 per-

276 2632 433 2691 ventum.
468 2628 507 2690 In
542 2629 637 2691 ouius
671 2630 743 2705 ripa
776 2643 853 2691 oum
886 2629 985 2690 lintre
1015 2629 1196 2705 adspicitur
1228 2627 1367 2690 Charon.
1400 2629 1519 2691 Servos

276 2743 417 2818 quidem
440 2758 505 2804 non
529 2743 716 2804 transvehit
739 2742 897 2819 portitor:
921 2743 1087 2804 Xanthiae
1107 2743 1208 2818 igitur
1226 2742 1365 2819 pedibus
1385 2757 1443 2818 per
1463 2745 1519 2805 cir-

276 2857 411 2918 cuitum
435 2855 600 2929 quendam
624 2857 658 2918 in
681 2858 789 2933 ripam
813 2856 1004 2918 ulteriorem
1029 2856 1173 2917 eundum
1198 2859 1264 2934 est,
1289 2855 1345 2916 ubi
1368 2859 1520 2933 expectet

275 2972 415 3048 herum,
450 2970 596 3047 Dionyso
631 2988 709 3034 vero
743 2970 879 3034 lintrem
913 2972 1038 3033 intrare
1072 2970 1167 3046 licet;
1203 2972 1259 3047 qui
1292 2987 1385 3034 remo
1414 2974 1519 3035 altero

275 3087 419 3161 accepto
449 3086 556 3146 utitur
578 3086 732 3161 imperite
755 3085 950 3162 admodum,
975 3086 1086 3147 mollis
1111 3087 1191 3147 deus
1214 3100 1318 3161 neque
1342 3086 1522 3149 Herculeos

276 3199 343 3259 sub
377 3199 462 3275 pelle
492 3214 554 3260 sua
584 3200 729 3261 lacertos
760 3200 947 3261 intendens.
977 3200 1148 3275 Peragunt
1170 3201 1283 3261 tamen
1307 3202 1372 3262 iter
1393 3201 1522 3279 navale,

276 3312 551 3388 adstrepentibus
570 3314 661 3373 ranis
680 3314 790 3387 stagni
811 3312 937 3374 incolis.
959 3312 1022 3372 His
1041 3314 1241 3373 rusticorum
1260 3328 1343 3386 quae
1367 3312 1521 3375 dicuntur

276 3426 433 3486 lusciniis
456 3425 593 3487 debetur
616 3426 747 3488 fabulae
770 3441 907 3501 nomen;
932 3426 1033 3501 elegit
1057 3426 1147 3487 enim
1171 3428 1268 3501 poeta
1291 3440 1413 3487 nomen
1437 3427 1522 3490 inso-

277 3540 382 3600 litum
413 3542 447 3601 et
477 3539 668 3617 ridiculum,
699 3556 763 3613 quo
788 3543 935 3602 mentem
960 3542 1190 3616 spectatorum
1215 3538 1419 3614 adverteret;
1443 3557 1521 3603 nam

280 3655 483 3728 „Poetarum
519 3651 717 3714 certamen”
749 3654 802 3715 vel
837 3670 857 3715 a
888 3653 987 3716 choro
1020 3654 1158 3714 ductum
1190 3667 1312 3715 nomen
1346 3653 1517 3729 „Mysiae”

277 3766 351 3827 vel:
387 3766 544 3842 „Dionysi
566 3766 633 3827 Iter
657 3766 847 3828 internum”
873 3769 907 3828 et
929 3768 1041 3842 magis
1066 3769 1182 3842 aptum
1207 3767 1328 3828 fuisset
1352 3774 1386 3828 et
1408 3768 1522 3828 minus

277 3882 443 3941 iocosum.
470 3912 511 3923 -
538 3881 783 3956 „Brecececex”
809 3880 879 3942 alta
900 3895 982 3942 voce
1005 3880 1182 3942 clamitant
1209 3882 1296 3942 inter
1319 3881 1416 3942 ulvas
1438 3881 1522 3957 ripa·

278 4009 357 4054 rum
382 3993 572 4055 latitantes:

643 4108 882 4185 „Brecececex,
908 4123 1007 4184 coax,
1033 4109 1133 4170 coaxl

645 4219 780 4297 „Proles
802 4221 962 4298 paludum
988 4225 1021 4281 et
1045 4221 1125 4283 lutil

642 4333 831 4410 „canamus
854 4335 896 4395 ad
918 4334 1021 4396 tibiae

509 4446 666 4522 „Vocem
692 4481 735 4490 -
762 4461 855 4508 meus
880 4450 1000 4508 cantus
1023 4448 1052 4509 is
1075 4451 1126 4508 est
1151 4463 1328 4524 amoenus,
1356 4482 1394 4491 -

600 4559 655 4634 „Si
679 4560 793 4621 diebus
815 4576 963 4634 unquam
988 4562 1108 4636 apricis

599 4673 693 4750 „Uda
716 4674 935 4735 subsiluimus
958 4675 1046 4735 inter

600 4788 779 4864 „Gramina
802 4790 843 4850 ad
866 4792 1002 4850 cantum
1027 4802 1084 4863 per
1107 4788 1214 4849 undas
