4067 5950
533 724 576 784 88
1051 741 1093 786 or
1116 741 1242 788 sonora

531 912 621 972 esset
639 926 745 986 nsque
764 913 890 986 patriae
908 909 1130 987 prosperitas,
1151 924 1232 972 suae
1251 909 1398 972 civitatis
1415 910 1593 986 imperium
1607 909 1772 986 populare

531 1023 636 1085 multo
660 1025 769 1085 acrius
791 1025 900 1099 perosi
923 1038 1025 1099 quam
1045 1023 1161 1084 hostes
1181 1024 1353 1098 externos,
1378 1023 1547 1098 quoniam,
1569 1037 1679 1083 rerum
1700 1022 1774 1082 nisi

530 1133 624 1197 tieret
658 1139 892 1214 commutatio,
929 1153 969 1198 sa
1004 1152 1083 1213 pars
1118 1151 1138 1198 a
1171 1151 1236 1211 qua
1271 1134 1334 1210 ipsi
1364 1135 1500 1197 stabant
1529 1136 1664 1197 inferior
1694 1138 1776 1196 erat

530 1263 700 1325 mansura,
725 1265 830 1324 neque
853 1251 901 1312 rei
926 1249 1077 1326 publicae
1101 1249 1319 1310 moderandae
1342 1263 1436 1324 spem
1460 1248 1622 1309 habentes
1644 1248 1773 1322 ullam,

529 1361 594 1421 nisi
628 1362 747 1422 civitas
780 1363 815 1422 in
848 1365 1007 1424 terrestre
1042 1362 1124 1423 illud
1155 1362 1354 1438 dominium,
1379 1362 1465 1436 quod
1488 1361 1568 1422 olim
1592 1364 1770 1438 tenuerat,

528 1489 680 1548 repressa
703 1475 841 1549 Spartae
867 1474 968 1536 iussis
990 1472 1085 1536 tieret
1108 1475 1263 1536 obnoxia.
1287 1473 1348 1534 His
1371 1473 1577 1550 hominihus,
1602 1476 1661 1550 qui
1681 1491 1774 1536 anno

528 1587 594 1647 415
625 1591 855 1662 protervorum
884 1588 1046 1649 iuvenum
1076 1587 1201 1663 flagitio
1232 1587 1449 1648 callidissime
1478 1588 1573 1648 abusi
1605 1589 1646 1648 ad
1678 1589 1770 1649 iran-

528 1701 673 1773 genuam
703 1703 888 1776 potentiam
918 1701 1101 1763 Alcibiadis
1124 1702 1328 1776 expeditioni
1360 1701 1487 1762 Siculae
1517 1717 1641 1763 nervos
1665 1705 1773 1764 succi·

528 1813 661 1888 derunt,
698 1815 889 1889 proximum
925 1815 993 1874 iem
1030 1814 1139 1874 visum
1175 1818 1227 1874 est
1256 1816 1391 1889 tempus
1422 1828 1487 1888 quo
1514 1814 1554 1874 ad
1587 1814 1679 1889 ipsos
1710 1831 1770 1875 res

527 1928 617 1986 esset
640 1927 797 1987 reditura.

572 2037 724 2100 Nondum
744 2041 858 2100 tamen
878 2039 911 2099 id
930 2039 1055 2100 aderat.
1076 2037 1185 2100 creati
1200 2040 1279 2100 sunt
1291 2039 1405 2100 decem
1418 2040 1481 2101 viri
1493 2040 1770 2117 extraordinarii,

528 2151 584 2224 qui
615 2154 774 2213 caverent
804 2152 947 2225 nequid
977 2153 1172 2213 detrimenti
1196 2155 1330 2228 caperet
1353 2153 1491 2226 civitas;
1511 2168 1617 2212 naves
1646 2156 1767 2213 autem

530 2265 616 2324 mira
646 2264 815 2325 celeritate
845 2262 1038 2325 aedificatae
1069 2267 1103 2326 et
1133 2267 1269 2326 ornatae
1293 2279 1369 2325 cum
1393 2265 1500 2324 classe
1519 2264 1666 2325 hostium
1691 2266 1770 2342 plus

531 2377 636 2437 semel
667 2377 756 2438 haud
788 2377 965 2438 infeliciter
995 2378 1210 2454 dimicarunt,
1235 2381 1334 2438 et-
1359 2376 1445 2450 quod
1466 2377 1542 2452 plus
1565 2377 1668 2438 etiam
1692 2395 1766 2454 pro·

531 2490 638 2564 derat,
671 2492 760 2551 certe
781 2490 939 2566 prodesse
963 2490 1147 2567 videbatur,
1173 2525 1212 2534 -
1238 2491 1268 2550 is
1294 2491 1349 2565 qui
1371 2505 1429 2565 per
1451 2489 1642 2565 proximum
1665 2491 1767 2552 trien·

531 2603 625 2664 nium
669 2602 751 2662 nihil
793 2604 996 2663 intentatum
1036 2603 1217 2676 reliquerat
1256 2605 1293 2662 ut
1331 2603 1476 2678 patriae-
1497 2618 1577 2664 suae
1616 2608 1768 2681 noceret,

531 2715 717 2777 Alcibiades
748 2717 848 2778 homo
879 2718 1074 2778 inconstans
1097 2732 1292 2791 morumque
1316 2718 1544 2791 intemperans
1567 2731 1643 2777 cum
1667 2721 1768 2778 novis

512 2812 649 2890 ¹amicis
679 2830 848 2892 dissensit.
880 2830 1006 2904 Nempe
1037 2829 1140 2904 regali
1171 2830 1314 2904 hospitio
1345 2831 1524 2904 exceptum
1547 2830 1700 2905 reginam
1724 2831 1768 2890 ad

530 2941 730 3002 adulterium
761 2942 940 3017 pellexisse
970 2941 1062 3002 fama
1085 2941 1224 3004 ferebat.
1254 2944 1304 3003 Ad
1328 2942 1584 3018 Tissaphernem
1609 2941 1765 3004 Sardium

529 3058 698 3129 satrapam
721 3055 888 3129 proiectus
912 3070 991 3115 mox
1014 3056 1116 3115 duces
1139 3055 1260 3115 classis
1280 3054 1535 3115 Atheniensium
1554 3071 1612 3130 per
1631 3055 1766 3116 litteras

529 3169 562 3228 et
591 3167 719 3242 legatos
750 3170 843 3246 adiit,
876 3184 1015 3245 sperans
1045 3169 1116 3229 iore
1147 3172 1184 3229 ut
1211 3170 1328 3229 horum
1353 3184 1452 3243 opera
1475 3184 1551 3229 cum
1576 3168 1705 3229 civibus
1729 3170 1765 3230 in

529 3280 671 3355 gratiam
700 3281 835 3358 rediret,
868 3282 957 3358 dein,
989 3282 1020 3342 si
1044 3297 1086 3341 ex
1110 3281 1212 3342 exilio
1235 3284 1412 3343 revocatus
1435 3284 1538 3358 esset,
1562 3284 1600 3342 ut
1620 3282 1765 3343 Persicis

528 3394 685 3453 subsidiis
703 3394 832 3470 pollens
851 3396 949 3455 victis
969 3395 1217 3470 Peloponnesiis
1234 3396 1443 3456 Athenarum
1466 3393 1561 3455 tieret
1579 3397 1763 3470 tyrannus;

529 3507 630 3567 etiam
662 3508 876 3568 Pisistratum
908 3508 1042 3569 exulem
1074 3509 1216 3569 cessisse
1240 3523 1257 3567 e
1280 3508 1445 3583 patriast
1468 3510 1581 3568 tamen
1605 3508 1764 3569 reducem
1839 3594 1840 3599 ἵ

529 3635 640 3679 rerum
663 3636 744 3681 mox
766 3621 921 3696 potitum.

574 3734 649 3795 Alia
668 3751 749 3796 sane
768 3736 879 3796 omnia
896 3736 1153 3796 Atheniensium
1173 3735 1375 3811 principibus
1394 3734 1544 3795 narravit
1555 3734 1762 3795 Alcibiades:

529 3849 653 3923 patriae
688 3848 795 3910 denuo
830 3849 986 3925 prodesse
1022 3864 1058 3909 se
1093 3849 1192 3925 velle,
1226 3864 1321 3924 spem
1353 3851 1465 3909 antem
1497 3863 1570 3908 esse
1602 3848 1763 3909 subsidiis

529 3961 670 4022 Persicis
692 3977 749 4035 per
772 3961 883 4037 ipsum
906 3961 1073 4037 potiundi,
1100 3963 1245 4022 amicum
1270 3962 1358 4022 enlm
1384 3961 1447 4021 sibi
1472 3976 1547 4021 esse
1569 3961 1761 4038 Tissapher·

528 4089 615 4134 nem.
635 4074 735 4133 Pauci
748 4074 836 4132 —in
856 4075 909 4133 his
928 4074 1139 4148 Phrynichus
1158 4076 1258 4135 homo
1279 4074 1533 4135 versutissimus
1546 4108 1586 4117 —
1601 4074 1762 4135 interiora

528 4188 599 4247 eius
618 4186 757 4247 consilia
775 4188 859 4247 satis
879 4191 1137 4262 perspexerunt:
1162 4187 1321 4248 Pisandro
1341 4188 1480 4261 aliisque
1504 4187 1599 4264 viris,
1621 4203 1762 4262 quornm

528 4314 650 4374 magna
690 4303 770 4360 tunc
808 4301 969 4375 temporis
1007 4301 1042 4360 in
1081 4317 1116 4362 re
1155 4301 1287 4375 publiea
1321 4303 1393 4362 erat
1428 4302 1626 4378 auctoritas,
1660 4302 1760 4377 plane

528 4413 704 4488 persuasit.

573 4527 625 4587 Sic
655 4527 785 4587 civitati
815 4526 1003 4588 infirmatae
1036 4531 1069 4588 et
1098 4528 1188 4603 inopi
1218 4529 1363 4589 insidiati
1394 4531 1476 4589 sunt
1502 4529 1628 4589 inimici
1652 4530 1759 4589 exteri

527 4641 716 4713 domestici,
752 4642 785 4702 et
819 4641 1002 4701 verendum
1038 4642 1208 4703 videbatur
1242 4658 1283 4703 ne
1317 4643 1464 4703 dissidiis
1498 4641 1650 4702 civilibus
1686 4657 1754 4702 con·

527 4756 751 4815 summaretur
774 4756 913 4833 malum,
939 4758 1033 4818 cuius
1055 4758 1187 4817 initium
1212 4757 1372 4817 fecissent
1395 4755 1496 4830 gladii
1518 4755 1667 4817 hostiles
