4067 5950
522 755 561 816 12
1038 769 1082 812 nr
1102 769 1230 814 mnu

518 939 646 1002 sociam
675 937 774 1002 velle.
803 939 876 1000 lton
905 938 1059 1015 raplebat
1087 953 1192 1000 unum
1222 941 1338 1013 iugum
1365 945 1502 1000 nurum
1531 941 1683 1000 demeum
1709 946 1750 999 et

517 1067 640 1127 equum
658 1053 841 1129 manuum,
860 1067 927 1114 non
945 1052 1065 1114 eadem
1078 1057 1174 1113 erant
1195 1055 1316 1114 itinera
1331 1055 1484 1129 bigarum
1501 1055 1750 1128 xepmuiarum

518 1169 617 1242 atque
639 1165 741 1228 boum
764 1165 866 1242 pedes
887 1166 983 1226 tarde
1005 1166 1225 1226 trahentium.

562 1279 609 1340 Ob
639 1281 790 1356 spretam
819 1293 920 1352 qnam
941 1277 1216 1340 lacedaemoniis
1236 1280 1383 1340 tulerant
1404 1297 1503 1355 opem
1524 1283 1753 1340 Athenienses

518 1391 650 1454 Cimoni
678 1393 825 1468 graviter
846 1395 926 1452 sunt
946 1391 1162 1467 stomachati,
1186 1393 1342 1468 Spartam
1362 1402 1478 1453 autem
1499 1397 1648 1454 aretati
1668 1403 1751 1453 sunt

518 1506 636 1567 denuo.
661 1505 724 1566 Sed
747 1509 884 1582 tempus
905 1505 946 1566 ad
969 1505 1205 1566 Themistoclis
1222 1509 1360 1567 consilia
1376 1507 1574 1582 perficienda
1591 1508 1747 1567 idoneum

518 1620 733 1694 praeterierat
767 1623 801 1680 et
833 1619 960 1679 trustra
993 1619 1128 1678 hiennio
1160 1625 1236 1694 post
1265 1653 1308 1664 -
1337 1636 1426 1680 anno
1458 1625 1523 1681 461
1555 1653 1599 1664 -
1631 1621 1675 1680 ad
1706 1637 1748 1680 ea

518 1731 687 1794 redierunt
719 1732 892 1808 Ephialtes
931 1735 966 1792 et
999 1731 1154 1792 Pericles
1187 1733 1246 1791 Sui
1282 1735 1366 1792 iuris
1397 1737 1524 1793 mansit
1556 1734 1694 1809 Spmta:
1726 1749 1749 1791 a

519 1845 658 1922 Spartae
686 1845 780 1921 parte
809 1845 843 1904 in
869 1844 1012 1920 singulis
1034 1845 1235 1906 Graecorum
1257 1847 1452 1906 mrimdbus
1471 1849 1546 1908 sire
1565 1848 1751 1908 maioribus

518 1959 590 2020 sive
620 1958 805 2019 minoribus
834 1959 938 2019 etiam
967 1960 1108 2034 posthae
1133 1965 1300 2020 steterunt
1322 1963 1380 2033 qui
1401 1964 1537 2035 annona
1558 1962 1748 2034 tuebantur,

518 2087 630 2134 rerum
653 2086 818 2132 novarum
840 2071 1003 2133 studiosis
1023 2073 1175 2133 Athenas
1195 2075 1456 2148 suspicientibus
1472 2065 1616 2150 oppositi
1633 2075 1746 2133 adrer-

518 2187 599 2246 sarii
621 2185 789 2260 acerrimi,
813 2187 847 2245 et
869 2186 905 2244 in
928 2186 1000 2260 ipsa
1022 2186 1281 2247 Atheniensium
1301 2189 1489 2262 republica
1505 2191 1645 2260 mansit,
1663 2203 1748 2260 quae

520 2298 642 2374 iuerat,
673 2297 799 2358 civium
826 2298 964 2373 Spartae
993 2299 1181 2359 inventiam
1204 2315 1281 2359 cnm
1302 2302 1409 2374 partis
1429 2301 1600 2376 popularis
1620 2301 1749 2360 civibus

520 2411 700 2472 contentio.
734 2411 832 2471 Auno
869 2411 936 2471 458
974 2427 1095 2471 aurum
1132 2411 1307 2472 Persicum
1342 2419 1478 2488 praesto
1514 2415 1577 2474 tuit
1610 2414 1749 2488 Spartae

521 2525 663 2586 Athenis
697 2524 881 2600 insidianti,
917 2527 951 2585 et
982 2540 1027 2584 ex
1054 2524 1113 2584 illo
1140 2524 1219 2586 inde
1247 2529 1399 2600 tempore
1425 2529 1591 2602 stipendia
1620 2526 1662 2585 ab
1690 2528 1748 2586 Ar·

521 2641 660 2698 taxerxe
694 2637 832 2710 eiusque
865 2638 1011 2712 satrapis
1043 2638 1200 2698 certatim
1229 2638 1420 2713 flagitarunt
1450 2640 1567 2699 Graeci
1595 2641 1684 2698 inter
1712 2653 1749 2698 se

522 2751 775 2812 contendentes:
807 2765 875 2811 non
904 2751 972 2811 iam
1001 2757 1099 2826 turpe
1127 2754 1186 2812 ant
1214 2753 1356 2827 impium
1385 2755 1420 2813 id
1449 2753 1624 2813 ridebatur
1646 2750 1681 2820 ¹).
1709 2753 1749 2811 ln

523 2864 928 2939 batrachomyomachiam
951 2868 1102 2926 verterat
1124 2881 1220 2939 epos:
1243 2865 1331 2925 hello
1352 2883 1412 2942 pro
1433 2869 1503 2926 aris
1521 2871 1555 2926 et
1572 2867 1657 2925 iocis
1674 2881 1749 2925 cum

522 2980 635 3040 Persis
671 2982 766 3053 gesto
804 2979 1001 3042 succedebat
1034 2980 1184 3041 civitatis
1219 2982 1412 3041 maritimae
1448 2985 1483 3041 et
1518 2982 1629 3055 gentis
1660 2983 1750 3039 terra

523 3092 666 3154 valentis
689 3096 857 3154 certamen
880 3094 1124 3155 internecivum
1146 3094 1320 3168 nullosque
1340 3095 1529 3169 triumphos
1548 3092 1751 3151 habiturum.

523 3207 638 3268 Musne
667 3222 784 3268 ranam
811 3222 925 3268 morsu
955 3224 1177 3283 oppressurus
1206 3214 1277 3268 erat
1308 3224 1352 3267 an
1378 3224 1462 3268 rana
1489 3222 1621 3267 murem
1654 3206 1751 3278 aquis

524 3321 698 3381 mersura?

567 3434 695 3495 Ambos
723 3434 812 3495 inter
840 3447 878 3493 se
908 3433 1129 3495 colluctantes
1157 3436 1358 3496 devoratura
1385 3440 1459 3496 erat
1487 3435 1623 3495 ciconia.
1651 3433 1763 3492 Parte.

523 3545 730 3609 infinitorum
761 3550 1010 3624 thesaurorum,
1041 3551 1098 3623 qui
1123 3550 1218 3609 Susis
1238 3551 1391 3610 iacebant
1413 3549 1588 3621 cumulati,
1610 3549 1662 3606 uti
1681 3548 1751 3606 iam
1875 3607 1876 3616 ,

524 3665 704 3739 potuerunt
733 3663 853 3723 Persae
883 3664 924 3724 ad
955 3663 1099 3723 Graecos
1127 3664 1162 3723 in
1185 3664 1328 3724 Graecos
1348 3664 1552 3736 incitandos,
1582 3664 1616 3720 et
1640 3660 1751 3719 luben·

524 3776 655 3837 tissime
687 3776 835 3852 proiecto
870 3777 1149 3851 callidissimeque
1181 3780 1263 3837 sunt
1295 3778 1363 3851 usi,
1397 3777 1502 3836 donec
1534 3776 1633 3849 longo
1664 3774 1752 3833 bello
1875 3787 1876 3796 ¹

525 3890 709 3952 exhaustos
727 3894 922 3967 tenuerunt,
941 3892 1097 3965 praedam
1115 3893 1291 3951 inermem.
1310 3889 1452 3950 Athenis
1469 3894 1585 3949 antem
1595 3888 1752 3948 nobilitas
1875 3895 1876 3904 ¹

525 4003 680 4078 neglecta
708 4006 743 4063 et
765 4007 914 4065 aratores
936 4006 1034 4079 egeni
1056 4021 1077 4065 a
1099 4005 1217 4079 Sparta
1239 4004 1384 4063 salutem
1406 4018 1541 4077 sperare
1562 4002 1754 4077 pergebant.

526 4116 641 4178 Prisca
663 4116 811 4178 obtinere
834 4119 869 4178 et
891 4120 1028 4192 aparte
1049 4118 1262 4193 optimatium
1285 4120 1376 4176 stare
1396 4117 1486 4176 idem
1507 4116 1594 4189 quod
1617 4116 1754 4189 Spartae

526 4230 639 4291 lavere
669 4246 800 4308 semper
822 4232 933 4292 visum
960 4233 1013 4291 est
1035 4229 1311 4307 Atheniensibus,
1335 4230 1490 4305 Spartam
1513 4233 1626 4289 autem
1652 4230 1755 4288 insec-

527 4344 591 4403 tari
610 4344 643 4403 id
661 4346 747 4417 quod
765 4360 842 4406 cum
860 4345 980 4421 populo
999 4346 1109 4405 iacere
1131 4358 1301 4417 novasque
1318 4359 1374 4405 res
1396 4346 1562 4418 appetere.
1584 4341 1756 4402 Discordia

527 4458 658 4519 animos
687 4459 810 4521 civium
840 4461 998 4536 perpetuo
1027 4458 1113 4519 rosit
1142 4460 1178 4518 et
1206 4461 1279 4517 tam
1309 4458 1442 4532 penitus
1470 4457 1600 4531 iniecit,
1630 4456 1670 4514 ot
1697 4456 1755 4527 qui

528 4572 632 4647 partis
654 4576 767 4633 essem
789 4570 996 4649 infirmioris,
1021 4572 1063 4632 ad
1086 4571 1273 4645 spartiatas
1295 4570 1470 4643 confugere
1492 4569 1633 4629 mallent
1653 4583 1755 4640 quam

565 4815 586 4879 ¹)
604 4819 737 4867 Damnatis,
756 4819 792 4867 tx
809 4820 825 4875 tt
842 4820 874 4865 41
892 4818 1018 4867 Herodot.
1034 4818 1085 4865 vn
1102 4818 1150 4865 1⁶1
1168 4816 1286 4874 l'hneyd.
1302 4816 1316 4862 1
1333 4816 1366 4863 sa
1382 4815 1410 4863 11
1426 4816 1451 4877 i,
1468 4816 1502 4863 d'i
1518 4818 1569 4862 eto.
