4067 5950
661 896 703 940 us
725 896 834 941 ruxuu
856 896 1009 941 assumo.
1385 879 1449 939 355

234 1065 414 1127 scribamus
446 1099 486 1107 -
518 1067 642 1142 partim
672 1070 855 1142 praeeunte
878 1067 1029 1129 Bentleic
1054 1099 1096 1110 —
1120 1063 1320 1143 ἀντεῖχεν,
1343 1063 1453 1123 ἀντα-

233 1179 437 1256 ποδοῦναι,
471 1178 815 1264 περιῄοινΙνοαῖδας
848 1187 1014 1260 πειρῶν,
1049 1177 1204 1258 ἐχώρει,
1234 1181 1267 1241 et
1297 1179 1455 1239 restituta

233 1293 288 1352 erit
315 1308 435 1354 manus
465 1297 595 1370 poetae.
627 1294 792 1356 Fraudem
824 1296 859 1355 et
888 1291 1068 1366 κατέδεισμν)
1098 1294 1179 1355 fecit
1201 1309 1259 1369 pro
1282 1290 1455 1361 assiduata)

233 1410 395 1482 acceptum
419 1411 453 1468 et
476 1409 562 1482 quod
585 1409 736 1484 sequitur
757 1412 881 1488 πνῖγος,
900 1410 935 1469 in
959 1423 1024 1483 quo
1048 1423 1165 1470 revera
1188 1409 1297 1483 prima
1315 1421 1457 1483 persona

232 1522 328 1581 utitur
361 1524 568 1597 coryphaeus
603 1522 737 1598 perinde
772 1524 872 1596 atque
911 1519 943 1581 ἐν
978 1532 1017 1604 τῷ
1053 1521 1153 1601 πνίγει
1188 1521 1455 1582 Acharnensium

230 1634 354 1696 fabulae
378 1635 472 1706 (Acir.
498 1637 702 1707 659-664).

270 1748 377 1808 Iitiam
409 1749 483 1810 Pac.
517 1750 582 1810 219
610 1749 698 1811 male
721 1748 856 1823 expleta
878 1748 960 1809 oiim
984 1753 1039 1809 est
1060 1748 1190 1809 lacuna.
1216 1748 1261 1808 De
1280 1763 1359 1824 pace
1382 1762 1455 1807 eum

231 1862 355 1936 acciunt
378 1860 531 1938 Lacones,
558 1895 599 1906 -
623 1862 806 1924 Mercurius
825 1862 886 1938 ait,
914 1894 955 1905 —
978 1876 1031 1922 voa
1055 1862 1195 1923 οῑονοονο
1216 1862 1374 1923 solebatis:

893 1972 1112 2052 ἐξαπατώμεθα

491 2088 530 2167 νὴ
552 2086 608 2163 τὴν
631 2087 786 2166 Ἀθηνᾶν]
808 2084 848 2165 νὴ
873 2082 953 2149 Ai'l
975 2085 1044 2167 οὐχὶ
1067 2084 1214 2150 πειστέον.

492 2202 598 2282 ἥξουσι
621 2191 753 2278 καῦθις,
775 2197 814 2279 ἢν
839 2198 986 2280 ἔχωμεν
1017 2200 1088 2280 τὴν
1119 2202 1247 2262 πόλιν.

231 2317 252 2375 ii
272 2318 407 2379 scholiis
431 2318 607 2393 discimus,
639 2316 719 2377 olim
745 2314 934 2375 dubitatum
959 2331 1034 2376 esse
1059 2320 1171 2378 utrum
1196 2313 1252 2393 τὴν
1276 2314 1394 2375 πόλιν
1416 2329 1458 2375 an

231 2428 280 2505 τὴν
303 2431 437 2491 Πύλον
461 2430 609 2492 dedisset
628 2432 742 2504 pueta;
762 2426 821 2487 sed
841 2426 913 2505 Pyii
931 2430 1095 2491 eiusmodi
1115 2430 1242 2491 mentio
1261 2444 1328 2491 non
1347 2429 1459 2489 minus
1485 2413 1488 2427 '

231 2543 278 2602 iric
307 2544 450 2605 molesta
481 2560 579 2619 quam
605 2542 696 2604 urbis
720 2541 931 2603 Athenarum.
953 2542 1026 2603 Dici
1049 2546 1180 2619 poterat
1203 2557 1301 2604 sane:
1325 2541 1375 2601 καὶ
1400 2541 1456 2622 γὰρ

231 2654 327 2734 ἔχομεν
356 2655 413 2734 τὴν
444 2657 552 2718 Πύλον
583 2655 636 2718 vel
660 2653 825 2716 eiusmodi
848 2655 945 2729 quid;
977 2656 1035 2717 sed
1059 2657 1196 2717 nomina
1219 2660 1310 2716 certa
1332 2655 1373 2716 ab
1397 2656 1459 2717 hoc

231 2769 295 2831 1οοο
317 2772 472 2833 videntur
495 2772 614 2833 aliena.
640 2768 793 2831 comicus
817 2766 960 2829 fortasse
985 2770 1092 2830 dedit:

174 2882 175 2894 ff
490 2883 598 2963 ἥξουσι
620 2873 750 2957 καῦθις,
771 2874 812 2958 ἢν
840 2886 1053 2960 (μεθῶμεν
1085 2883 1300 2961 τήμερον).

172 3027 174 3030 <
269 2999 382 3061 Finem
411 2999 579 3061 iaciamus
608 2999 754 3061 indicata
784 2995 904 3058 lacuna
935 2999 1071 3075 exigua,
1104 3015 1188 3074 quae
1211 2999 1292 3061 olim
1316 3014 1382 3060 non
1406 3002 1458 3060 est

233 3115 338 3187 agnita
359 3115 421 3176 Av.
448 3116 514 3178 546
539 3131 608 3190 sq.:

760 3226 890 3302 ἀναθεὶς
914 3221 958 3306 ἄρ’
986 3225 1043 3308 ἐγώ
1066 3243 1115 3286 σοι

491 3338 527 3400 τὰ
550 3340 668 3402 νεοττία
691 3340 743 3402 καὶ
767 3340 901 3420 ἐμαυτὸν
928 3340 1085 3418 οἰκήσω.

231 3454 287 3515 Uti
315 3471 373 3531 pro
405 3454 505 3516 verbo
536 3455 650 3531 inepto
682 3454 795 3535 οἰκήσω
825 3456 1005 3533 legendum
1038 3468 1114 3515 esse
1145 3450 1215 3512 οὐκ
1250 3449 1457 3529 <ἀφ>ήσω

232 3569 391 3630 testantur
421 3569 552 3628 numeri
581 3571 615 3630 et
646 3572 842 3632 contextus:
876 3586 949 3647 cryc
975 3584 1026 3630 mc
1048 3582 1191 3641 meosque
1213 3567 1269 3627 titi
1290 3569 1381 3628 credo
1403 3583 1458 3628 uec

235 3683 358 3743 musam
381 3682 560 3757 tesceiam.
