4067 5950
711 847 790 892 vrrs
810 847 850 891 rr
873 845 1044 891 cerninus.
1443 828 1486 886 49

256 1038 427 1096 novosque
458 1035 590 1096 semper
620 1019 799 1095 discipulos
830 1018 1040 1093 aucupantis.
1065 1017 1149 1078 Nam
1173 1017 1364 1077 istiusmodi
1387 1017 1489 1078 homi·

256 1154 317 1199 nes
353 1153 430 1200 cum
465 1137 504 1197 de
540 1136 710 1196 doctrinae
745 1133 993 1208 sapientiaeque
1031 1133 1143 1194 studio
1178 1147 1259 1192 voce
1293 1131 1492 1205 grandisona

258 1253 442 1327 disserunt,
466 1250 499 1310 id
522 1265 628 1310 uuum
651 1251 755 1323 agunt
777 1250 814 1308 ut
833 1263 905 1308 rem
924 1249 1065 1308 iaciant:
1090 1247 1283 1323 disciplinas
1302 1247 1490 1320 loquuntur,

258 1380 418 1425 nummos
447 1363 605 1438 cogitant.
637 1363 788 1423 Socrates
818 1377 898 1422 saue
930 1362 1035 1436 gratis
1066 1362 1181 1422 docere
1211 1362 1315 1422 fertur
1345 1361 1491 1434 nihilque

258 1495 375 1540 curare
409 1478 600 1553 pecuniam,
636 1475 692 1538 sed
728 1476 760 1536 id
792 1491 866 1536 esse
898 1475 1005 1551 ipsius
1036 1476 1265 1550 mendacium,
1302 1490 1401 1535 nemo
1436 1475 1492 1547 qui

258 1594 369 1668 sapiat
391 1608 457 1652 uon
480 1589 662 1664 intellegit;
695 1604 760 1649 uon
785 1589 874 1649 enim
899 1590 1002 1650 animi
1026 1604 1127 1650 causa
1150 1590 1330 1650 molestum
1355 1591 1493 1648 iuvenes

260 1707 431 1767 erudiendi
462 1703 608 1766 olllcium
638 1705 672 1764 in
703 1703 751 1764 se‘
769 1703 933 1779 recipiunt
964 1704 1127 1764 homiues.
1161 1702 1285 1778 Quibus
1316 1707 1429 1764 autem
1453 1701 1492 1761 de

260 1820 469 1894 argumentis
500 1818 669 1894 disputare
699 1817 821 1890 soleat,
854 1831 959 1890 neque
987 1817 1140 1877 accurate
1165 1818 1370 1891 compertum
1394 1815 1494 1875 habet

260 1935 359 2006 poeta
383 1932 543 2013 comicus,
567 1947 672 2005 neque
692 1931 777 1992 scire
797 1932 905 2005 curat,
931 1945 996 1990 uon
1017 1930 1257 1991 commissurus
1277 1930 1436 1991 nimirum
1456 1932 1494 1988 ut

260 2049 295 2106 in
328 2046 470 2107 hilaram
500 2060 596 2106 suam
627 2047 734 2106 artem
766 2059 808 2104 ex
839 2043 918 2104 siml
948 2045 1121 2120 nugatorie
1151 2044 1252 2104 aridis
1282 2046 1495 2106 sermonibus

261 2160 400 2220 verbula
429 2159 540 2232 aliqua
574 2158 711 2232 recipiat
742 2157 943 2234 imprudens.
976 2155 1144 2218 Incertum
1177 2161 1291 2220 tamen
1323 2175 1397 2220 esse
1428 2175 1493 2220 non

261 2274 374 2348 potest
401 2271 511 2346 qualia
539 2285 614 2331 cum
645 2269 814 2330 sutoribus
844 2273 877 2330 et
908 2271 1091 2331 sartoribus
1121 2271 1192 2331 suls
1223 2272 1359 2346 egitotz.
1377 2274 1493 2334 eodem

263 2386 355 2446 enim
377 2399 508 2459 semper
531 2384 670 2444 redeunt
692 2383 770 2458 ista,
796 2383 867 2443 sive
892 2382 1031 2457 Gorgias
1054 2383 1188 2444 auditur
1207 2385 1280 2445 sive
1298 2386 1495 2462 Thrasyma-

262 2500 360 2575 chus,
381 2499 452 2559 sive
468 2498 626 2558 Prodicus
642 2497 807 2558 declamat
823 2498 895 2558 sive
913 2498 1078 2574 Socrates,
1098 2498 1215 2575 quippe
1228 2500 1284 2572 qui
1295 2502 1496 2561 staminibus

262 2613 384 2673 iisdem
420 2610 632 2671 verbulorum
663 2610 854 2671 subtemina
885 2611 1036 2671 inserant
1067 2626 1193 2672 omnes.
1225 2612 1352 2674 Rerum·
1378 2629 1498 2674 causas

263 2727 443 2801 quaerunt,
474 2740 552 2786 vera
582 2740 601 2785 a
628 2724 723 2784 falsis
751 2723 915 2798 quomodo
939 2724 1186 2800 dignoscantur,
1210 2741 1230 2786 a
1252 2741 1363 2787 rerum
1387 2728 1497 2802 specie

263 2855 367 2916 quam
395 2853 515 2899 seusus
545 2838 705 2913 praebent
733 2837 897 2911 quomodo
928 2838 1115 2914 discrepent
1141 2839 1233 2914 ipsae
1255 2855 1323 2913 res,
1348 2855 1496 2914 quaeque

263 2955 362 3031 plura
393 2953 433 3013 ad
465 2952 684 3014 hebetaudam
716 2951 840 3027 ingenii
867 2952 972 3013 aciem
996 2955 1173 3013 moverunt
1204 2954 1365 3015 mortales
1392 2957 1496 3017 otiose

263 3070 430 3143 loquaces.
463 3066 588 3128 Viridia
614 3082 672 3127 cur
695 3068 764 3127 siut
787 3067 879 3143 folia,
905 3068 1095 3129 caeruleum
1118 3070 1229 3129 autem
1255 3070 1383 3130 caelum
1407 3086 1497 3145 aper-

264 3186 355 3257 tum,
388 3181 458 3242 sole
489 3182 576 3241 cutis
607 3196 664 3241 cur
688 3181 847 3257 calescat,
879 3182 992 3258 pluvia
1016 3198 1073 3243 cur
1097 3183 1281 3257 madescat,
1306 3184 1428 3243 eruditi
1450 3184 1499 3244 illi

266 3296 332 3356 viri
365 3297 443 3369 quin
478 3294 690 3370 probabiliter
725 3295 904 3355 admodum
940 3296 1172 3356 demonstrare
1201 3297 1332 3370 possint
1360 3298 1498 3357 minime

265 3411 399 3471 videtur
429 3410 579 3486 dubium,
611 3409 668 3471 sed
699 3411 832 3471 iuvenis
861 3410 944 3470 bene
974 3410 1092 3469 valens
1123 3410 1310 3487 strigens,
1336 3411 1499 3473 culveris

265 3524 385 3585 afflant
415 3540 527 3601 aurae,
560 3524 667 3599 ipsam
691 3524 800 3584 lucem
825 3526 858 3584 et
882 3526 1002 3584 cautus
1025 3524 1141 3583 avium
1166 3524 1351 3597 florumque
1374 3525 1500 3585 colores

265 3638 375 3713 pluris
404 3637 483 3697 iacit
513 3652 613 3712 quarn
637 3638 810 3697 hominum
835 3651 958 3697 vesane
982 3637 1155 3698 doctorum
1179 3637 1291 3697 studia
1314 3640 1348 3697 in
1371 3638 1499 3698 umbra·

267 3752 353 3812 culis
384 3765 502 3811 causas
532 3765 642 3810 rerum
672 3750 959 3823 investigantium.
988 3749 1132 3824 Quorum
1157 3750 1186 3809 si
1209 3750 1345 3810 inutiles
1367 3753 1499 3811 tantum

267 3867 385 3926 esseut
405 3878 527 3940 nugae,
551 3864 674 3924 missos
696 3863 803 3923 facere
822 3864 976 3938 poterant
996 3864 1051 3935 qui
1071 3864 1215 3924 sanioris
1235 3866 1347 3923 essent
1361 3866 1500 3939 meutis;

267 3980 329 4039 sed
349 3977 562 4052 quaeritando
582 3979 615 4037 et
638 3977 835 4051 disputando
860 3977 1012 4037 Socrates
1036 3978 1155 4050 quique
1179 3978 1250 4037 eius
1274 3980 1353 4038 sunt
1374 3980 1503 4040 similes

268 4096 344 4169 ipsa
373 4093 463 4152 vitas
491 4092 659 4151 humanae
682 4091 902 4151 fundamenta
925 4091 1111 4166 percellunt
1134 4095 1168 4151 et
1191 4092 1395 4169 convellunt,
1422 4094 1503 4153 nihil

269 4208 438 4267 intactum
469 4204 706 4279 relinquentes,
736 4202 819 4263 nihil
844 4218 910 4263 uon
934 4206 1125 4279 moventes,
1150 4204 1233 4263 nihil
1256 4206 1384 4279 praeter
1406 4221 1501 4267 suam

269 4322 422 4395 ipsorum
453 4319 603 4378 mentem
634 4316 781 4377 reveriti.
806 4317 851 4376 At
873 4316 1015 4376 numina
1039 4332 1097 4377 cur
1121 4316 1260 4377 colenda
1283 4318 1367 4394 sint,
1392 4318 1506 4380 liberis

270 4448 332 4495 cur
363 4433 518 4506 parentes
545 4430 612 4490 sint
636 4430 788 4505 amandi,
813 4430 917 4489 iurari
941 4444 999 4490 cur
1021 4444 1087 4490 non
1111 4430 1156 4489 sit
1179 4429 1306 4490 licitum
1331 4430 1387 4491 ubi
1410 4446 1504 4505 quae·

270 4547 352 4607 runt
382 4543 558 4617 mortales,
590 4557 696 4615 neque
727 4543 811 4602 satis
844 4544 935 4602 certa
964 4542 1119 4602 videntur
1148 4542 1229 4602 talia
1258 4543 1323 4602 nisi
1346 4546 1418 4603 arte
1441 4545 1506 4603 dia·

270 4659 392 4720 lectica
415 4656 591 4729 allatisque
614 4656 820 4730 argumentis
844 4655 1067 4715 demonstrari
1091 4656 1235 4730 possint,
1260 4655 1306 4714 ibi
1326 4658 1505 4719 verendum

272 4775 326 4833 est
358 4786 400 4831 ue
431 4784 510 4830 mox
543 4785 560 4828 e
592 4770 730 4828 civitate
763 4770 934 4827 hominum
959 4768 1040 4829 adeo
1066 4770 1260 4828 callidorum
1285 4773 1383 4843 atque
1407 4770 1508 4830 diser-

271 4892 387 4946 torum
422 4883 619 4943 coutemtim
655 4882 832 4955 abigantur
867 4880 948 4941 tides
984 4881 1118 4941 iustitia
1151 4882 1269 4957 pietas.
1305 4882 1396 4942 'lunc
1427 4884 1510 4958 proli

356 4988 405 5033 Aa.
1388 4988 1402 5030 4
