4067 5950
531 745 574 804 96
1051 759 1093 804 na
1115 759 1240 806 111111

530 931 779 1008 aspernabatur,
805 945 871 992 non
897 932 1012 991 tamen
1036 928 1162 992 habens
1184 945 1268 1005 quae
1291 946 1379 992 nova
1402 934 1628 996 substitueret.
1653 935 1767 996 'l'radi-

529 1048 640 1107 tarum
664 1060 774 1106 rerum
795 1047 984 1106 contemtor
1007 1059 1068 1105 nec
1086 1043 1189 1105 uliam
1210 1044 1766 1124 1111111111ο111111111111111111,

530 1173 636 1221 novas
670 1161 852 1222 identidem
886 1159 959 1219 vias
994 1159 1146 1233 aperiens
1177 1173 1238 1220 neo
1266 1174 1406 1235 usquam
1438 1162 1605 1238 reperiens
1634 1165 1669 1224 in
1699 1179 1768 1239 quo

531 1275 768 1351 acquiesceret,
792 1289 850 1348 per
873 1272 1093 1335 dubitationis
1116 1288 1208 1334 mare
1233 1274 1437 1336 immensum
1462 1290 1567 1350 vagus
1591 1275 1767 1352 oberrans,

531 1403 637 1462 neque
661 1388 735 1449 duci
758 1386 819 1448 ulii
842 1384 987 1448 confisus
1010 1399 1116 1460 neque
1134 1386 1198 1446 sibi
1218 1388 1390 1464 constans,
1411 1403 1522 1449 rerum
1541 1390 1767 1451 humanarum

531 1503 736 1562 contemtum
756 1503 789 1561 et
809 1500 958 1561 taedium
976 1515 1034 1575 per
1054 1499 1159 1560 vitam
1180 1500 1384 1561 circumtulit
1404 1516 1569 1563 morosus.
1593 1502 1618 1563 Ε
1638 1505 1768 1565 1111111

531 1617 642 1676 autem
673 1615 875 1676 Graecorum
905 1613 1036 1689 mythis
1062 1628 1162 1688 quam
1194 1612 1335 1674 ducebat
1360 1615 1548 1677 dramatum
1573 1619 1768 1694 materiem,

529 1730 594 1804 ipsi
624 1745 663 1790 ea
693 1744 759 1790 non
790 1731 862 1790 erat
891 1731 1023 1803 sancta,
1052 1733 1089 1788 ut
1114 1727 1224 1788 1111111
1247 1728 1414 1804 Aeschylo
1437 1730 1608 1805 splendide
1633 1733 1768 1793 credulo

531 1842 584 1903 vei
615 1841 767 1918 Sophocli
797 1841 934 1902 candide
964 1841 1032 1916 pio,
1065 1855 1126 1901 nec
1155 1843 1272 1901 tamen
1296 1841 1422 1902 viribus
1441 1844 1574 1905 tantum
1599 1845 1704 1905 valuit
1728 1847 1768 1906 ut

531 1956 660 2017 abiecta
683 1955 814 2016 sarcina
836 1953 981 2015 molesta
1003 1968 1102 2014 suum
1123 1955 1189 2014 iter
1211 1953 1309 2015 iniret
1332 1955 1516 2030 expeditus.

576 2069 689 2131 Prisca
719 2071 832 2131 autem
862 2084 972 2129 rerum
1005 2068 1168 2128 memoria
1199 2083 1275 2129 cum
1304 2069 1430 2129 saeculi
1454 2069 1601 2131 cultioris
1624 2072 1768 2132 notioni-

531 2184 593 2244 bus
623 2187 657 2245 et
686 2183 834 2244 moribus
868 2182 990 2244 collata
1025 2197 1184 2256 quorsum
1219 2183 1388 2261 evaderet,
1419 2184 1542 2255 dudum
1574 2186 1768 2247 ostenderat

531 2297 690 2372 Aeschyli
712 2311 794 2372 opus
816 2296 984 2357 ultimum.
1009 2294 1127 2370 Apollo
1151 2297 1295 2356 matrem
1319 2310 1339 2354 1
1361 2294 1428 2356 filio
1453 2297 1564 2357 necari
1587 2297 1766 2371 aliquando

531 2411 670 2472 iussisse
692 2410 859 2471 terebatur
883 2411 917 2470 et
941 2423 1056 2469 veram
1079 2407 1172 2468 iilam
1198 2423 1271 2468 esee
1294 2409 1420 2470 tamam
1444 2409 1610 2484 Aeschylo
1635 2414 1765 2472 consta·

458 2526 461 2531 ’
531 2523 605 2598 bat;
639 2526 672 2584 11
696 2523 729 2584 id
752 2538 882 2599 quoque
905 2523 935 2583 ei
960 2522 1148 2598 constabat,
1174 2522 1359 2598 improbum
1384 2524 1514 2585 1111111
1537 2540 1556 2584 1
1579 2525 1639 2587 deo
1662 2527 1767 2602 impe·

531 2637 598 2697 rari
628 2652 693 2698 non
719 2638 885 2713 potuisse:
915 2637 1028 2710 itaque
1051 2636 1169 2711 Apollo
1189 2636 1396 2711 Aeschyleus
1419 2636 1697 2713 Clytaemestram
1721 2641 1767 2699 ab

532 2752 647 2813 Oreste
678 2753 749 2813 iure
779 2766 912 2814 caesam
942 2751 1198 2826 demonstravit,
1214 2795 1222 2811 .
1237 2795 1265 2812 ..
1290 2753 1347 2812 sed
1379 2767 1417 2813 11
1447 2768 1528 2814 usus
1551 2757 1766 2828 argumenta·

531 2867 634 2942 tione,
667 2882 751 2941 quae
781 2867 944 2926 maiorem
971 2865 1074 2926 etiam
1098 2866 1362 2940 indignationem
1385 2866 1480 2927 nobie
1504 2869 1639 2928 moveat
1661 2883 1765 2941 quam

531 2981 641 3057 ipsum
665 2981 745 3042 iliud
769 2980 1010 3056 matricidinm,
1035 2979 1209 3040 simillima
1232 2979 1390 3040 nimirum
1415 2980 1458 3055 11,
1485 2996 1585 3055 quam
1605 2996 1709 3042 senex
1727 2982 1766 3042 in

530 3094 679 3155 Nubibus
699 3095 817 3156 comici
835 3093 949 3155 fabula
968 3094 1061 3154 ultus
1080 3096 1132 3154 eet
1151 3093 1348 3153 Meditaculo
1369 3095 1594 3169 sophistarum
1616 3095 1764 3156 incenso.

531 3208 719 3283 Aeschylus
741 3209 830 3269 enim
854 3208 1097 3283 quaestionem,
1123 3222 1207 3281 quae
1230 3210 1281 3267 eet
1305 3207 1345 3268 de
1368 3207 1532 3269 matribus
1552 3222 1571 3267 a
1590 3208 1683 3283 prole
1702 3224 1766 3269 sua

531 3322 585 3398 pie
608 3324 641 3384 et
663 3322 878 3384 sanctissime
902 3321 1061 3398 colendis,
1087 3336 1104 3381 e
1128 3321 1274 3382 dominio
1297 3320 1475 3383 affectuum
1504 3323 1593 3383 cordi
1616 3323 1764 3383 humano

532 3451 609 3497 cum
642 3436 716 3511 ipsa
751 3436 821 3496 vita
854 3437 888 3495 et
922 3434 1084 3509 sanguine
1119 3433 1343 3508 ingenitorum
1378 3434 1551 3495 transtulit
1584 3435 1618 3494 11
1652 3434 1762 3495 forum

531 3551 696 3627 iudiciale,
723 3550 780 3611 nbi
803 3550 884 3611 haec
907 3549 988 3609 vicit
1010 3549 1195 3610 sententia:

734 3680 821 3742 ,non
844 3665 897 3725 est
919 3663 1101 3725 scelestum
1124 3662 1277 3737 quicquid
1300 3663 1465 3737 imperant
1488 3663 1571 3740 dei”,

532 3782 589 3841 sed
614 3795 687 3842 esse
710 3780 842 3841 videtur
864 3781 996 3839 tantum
1020 3778 1215 3839 mortalium
1239 3776 1345 3837 menti
1368 3775 1563 3838 imbecillae.

577 3893 682 3970 Quam
707 3897 859 3955 vetustae
882 3892 992 3954 caedis
1015 3892 1241 3952 defensionem
1266 3890 1417 3951 maxima
1441 3906 1516 3951 cum
1534 3891 1764 3966 indignatione

531 4007 645 4068 reiecit
666 4006 851 4082 Euripides,
875 4006 1008 4080 perinde
1032 4007 1128 4079 atque
1149 4005 1303 4067 Socrates
1322 4004 1615 4079 persuasissimum
1636 4005 1764 4066 habens

532 4135 633 4196 penes
651 4122 741 4195 ipsos
761 4118 911 4179 homines
931 4133 1004 4179 esse
1024 4117 1101 4177 boni
1121 4117 1267 4192 malique
1287 4116 1433 4192 arbitria,
1455 4117 1537 4192 ipsis
1553 4117 1586 4177 vi
1601 4118 1764 4178 divinitus

531 4233 633 4293 insita
655 4230 897 4292 decernendum
920 4232 997 4305 quid
1022 4230 1133 4305 liceat,
1159 4230 1236 4304 quid
1260 4244 1336 4290 1ο1.

736 4344 790 4419 ,Si
813 4343 888 4416 quid
914 4342 1049 4404 scelesti
1072 4342 1105 4402 di
1128 4342 1256 4418 iubent,
1282 4357 1348 4402 non
1372 4344 1451 4403 eunt
1474 4342 1547 4403 dei”

533 4457 700 4520 exclamat
730 4455 852 4530 impiae
882 4455 1015 4530 pietatis
1045 4455 1323 4530 generosissimus
1353 4455 1406 4516 hic
1438 4457 1653 4532 contemptor,
1678 4472 1763 4531 quae

532 4571 606 4633 aevi
638 4570 762 4630 vetusti
796 4569 960 4629 memoria
990 4569 1118 4630 terebat
1147 4571 1297 4643 negando
1329 4570 1410 4630 artis
1440 4585 1521 4630 suae
1543 4570 1764 4631 fundamenta

531 4683 748 4745 labefactans.

576 4796 644 4857 Nec
667 4797 779 4856 minus
803 4794 966 4857 molestae
988 4810 1088 4871 quam
1111 4796 1271 4857 materies
1295 4797 1324 4858 et
1347 4799 1442 4858 erent
1464 4796 1652 4870 tragoediae
1671 4796 1763 4872 leges
