4067 5950
584 773 649 833 306
1024 788 1066 833 nn
1089 786 1198 833 rnxru
1220 787 1374 834 respiro.

583 982 617 1039 et
639 978 714 1038 Pac.
740 979 805 1039 446
824 978 858 1037 in
879 976 908 1037 V
926 972 1083 1037 roeoedrod'
1106 978 1127 1039 i.
1148 994 1176 1038 e.
1195 922 1316 1038 corco'g’
1339 978 1392 1040 vel
1403 914 1537 1039 τοιαῦτθα.
1549 980 1663 1055 Neque
1673 980 1751 1044 Plut.
1762 982 1794 1042 ni

583 1106 783 1167 quemquam
808 1090 967 1152 detinebit
990 1090 1115 1152 codicis
1138 1090 1167 1151 R
1189 1089 1289 1153 lectio
1313 1090 1514 1172 κακόμειροςι

941 1202 989 1265 coi
1012 1201 1091 1285 λέγει
1114 1211 1232 1265 τοῦτο
1256 1204 1354 1266 κούκ
1377 1203 1459 1284 ἐμοί,

581 1317 638 1379 ubi
662 1333 777 1380 verum
802 1318 939 1394 praebet
961 1318 1007 1381 V:

940 1430 988 1492 σοὶ
1011 1429 1088 1512 λέγει
1118 1427 1237 1510 τοῦτ’,
1268 1431 1341 1494 οὖν
1372 1430 1449 1511 ἐμαί.

580 1546 804 1620 Agnoscimus
827 1546 956 1607 hiatum
980 1548 1038 1622 qui
1060 1546 1172 1608 nullus
1196 1550 1268 1609 erat
1287 1548 1533 1619 (ΤΟΤΤΟΟΥΚ)
1552 1548 1587 1608 in
1606 1548 1635 1609 Β
1654 1549 1795 1624 paradior·

580 1660 672 1720 tirosi
697 1660 882 1735 expletum.

625 1773 711 1835 Item
743 1774 778 1833 in
801 1772 830 1833 V
852 1770 927 1846 ἒστῼ
951 1768 1069 1853 τ]ἀγάθ’
1097 1774 1184 1836 Plut.
1210 1776 1286 1853 593,
1311 1774 1424 1848 πάντ[α
1447 1770 1566 1855 τ]ἆγάθ’
1595 1776 1682 1838 Piut.
1710 1777 1796 1849 1121;

535 1861 538 1867 ⁵
579 1886 699 1959 quibus
723 1886 805 1948 loeis
830 1902 948 1948 verum
974 1888 1076 1950 habet
1097 1888 1138 1950 R.

623 2002 661 2060 In
689 2015 834 2062 errorem
859 2002 1065 2063 contrarium
1084 2002 1201 2063 incidit
1220 2002 1250 2062 V
1268 2003 1331 2063 Ar.
1353 2003 1436 2064 778:
1457 2002 1646 2080 κύμα<ιά>
1670 1998 1689 2062 ι’
1712 2001 1796 2081 ἔσβεσε

578 2113 709 2193 νήνεμος
745 2113 855 2193 αῠθρη,
891 2119 926 2176 et
958 2116 987 2177 Β
1022 2115 1100 2191 Lys.
1137 2117 1222 2179 277:
1257 2109 1334 2200 ᾤχετ’
1369 2115 1457 2195 ὅπλα,
1485 2116 1541 2178 ubi
1572 2117 1745 2179 articulum
1771 2118 1797 2176 et

578 2232 725 2291 metrum
748 2230 857 2306 poscit
880 2233 914 2291 et
937 2233 1134 2292 contextus:
1157 2228 1247 2314 ᾤχετο
1265 2229 1392 2308 θῶπλα,
1413 2232 1484 2293 veri
1504 2234 1618 2293 autem
1638 2230 1797 2307 vestigium

578 2344 611 2404 in
636 2345 708 2418 ipso
732 2343 760 2404 Β
782 2346 897 2405 servat
920 2338 955 2402 -ι’
983 2360 1051 2405 non
1074 2338 1117 2403 -θ’
1147 2339 1363 2419 scriptum1).

622 2457 833 2520 correctores
876 2459 980 2533 igitur
1014 2459 1165 2520 elisionis
1197 2459 1294 2533 signo
1328 2460 1552 2535 superscripto
1587 2457 1799 2521 huiuscemodi

577 2571 726 2647 syllabas
749 2574 866 2633 notare
886 2572 1040 2633 solebant
1058 2575 1117 2632 aut
1137 2572 1229 2633 elisis
1249 2573 1493 2648 superscribere
1512 2574 1674 2651 integras,
1692 2572 1799 2633 librarii

577 2689 689 2749 autem
721 2687 923 2747 recentiores
953 2687 1129 2760 utramque
1161 2687 1328 2748 scribendi
1355 2687 1519 2749 rationem
1548 2688 1744 2750 coniunctim
1769 2686 1795 2744 in

576 2804 672 2863 textu
709 2802 932 2863 exhibuerunt
967 2802 1107 2878 passim.
1142 2800 1256 2862 Unum
1293 2803 1394 2862 etiam
1431 2802 1572 2864 addatur
1605 2802 1794 2879 exemplum,

576 2916 711 2978 Thesm.
737 2917 928 2994 842-844,
954 2918 1019 2990 ubi¹
1033 2919 1067 2980 in
1091 2918 1120 2979 R
1143 2919 1227 2980 baec
1251 2922 1330 2980 suut
1352 2921 1509 2981 exarata:
1854 2916 1860 3007 i

755 3028 807 3089 καὶ
830 3031 978 3104 δανείζειν
1001 3031 1178 3112 χρήματα
1202 3027 1238 3090 τ’·
1262 3028 1301 3110 ἣν
1325 3041 1411 3112 χρῆν,
1429 3024 1468 3111 ἦν
1492 3028 1732 3109 detricesimo,
1854 3018 1859 3075 ἶ

828 3185 1013 3267 ἀφερεῖσθαι
1036 3187 1089 3272 βίᾳ
1113 3187 1149 3248 τὰ
1172 3188 1351 3268 χρήματα
1373 3183 1413 3268 τ’,
1435 3186 1575 3260 εἰπόντας
1598 3130 1675 3249 egidi·
1698 3184 1750 3246 ιιτὲ.

575 3303 680 3364 Nemo
710 3318 776 3364 nou
808 3302 899 3363 videt
931 3302 982 3363 bis
1013 3303 1229 3365 scribendum
1261 3319 1335 3365 esse
1365 3296 1486 3383 χρήματ’
1505 3297 1540 3374 ²).
1572 3303 1611 3363 In
1633 3302 1797 3375 archetypo

575 3475 648 3533 erat
670 3430 806 3550 χρήματα
830 3473 889 3532 aut
910 3427 1049 3549 χρήμαῗ.
1854 3538 1858 3547 Ι

619 3586 733 3660 Itaque
775 3600 841 3646 non
882 3585 1074 3646 coniectura
1107 3586 1165 3645 sed
1202 3587 1393 3647 certissima
1427 3588 1479 3646 est
1514 3586 1714 3662 emendatio,
1745 3597 1797 3658 qua
1854 3554 1858 3588 ⁷

573 3699 723 3775 Eimsley
746 3698 845 3774 Vesp.
873 3700 936 3759 155
960 3712 1079 3758 verum
1103 3699 1272 3760 restituit:

798 3805 971 3888 φύλατθ’
999 3810 1081 3882 ὅντως
1105 3810 1146 3888 μὴ
1171 3811 1226 3889 τὴν
1248 3812 1384 3890 βάλανον
1408 3809 1591 3891 ἐκτρώξεται,

573 3928 629 3989 ubi
660 3928 695 3987 in
726 3925 755 3984 V
787 3929 820 3987 et
850 3927 879 3987 Β
910 3928 963 3987 est
986 3921 1214 4004 petrinae,
1240 3927 1322 3988 item
1348 3927 1412 3991 ivel
1436 3942 1513 3987 eum
1537 3942 1624 3988 novo
1649 3928 1728 3988 vitio
1749 3923 1796 4000 pi

572 4040 657 4104 iani
678 4038 727 4113 θ’)
750 4043 784 4102 in
805 4042 927 4103 ceteris
950 4041 1128 4102 codicibus.
1155 4041 1366 4116 Singularem
1388 4056 1567 4101 numerum
1588 4042 1724 4118 requiri,
1743 4037 1796 4098 nisi

573 4159 775 4233 anapaestus
796 4158 979 4217 testaretur
1003 4155 1148 4216 elumbis
1164 4150 1198 4230 ³),
1222 4156 1401 4216 testaretur
1425 4156 1614 4216 contextus.
1640 4156 1725 4217 Olim
1746 4152 1797 4214 fuit

572 4265 712 4377 pitorio,

605 4617 625 4683 ¹)
641 4622 715 4669 Inter
732 4620 986 4681 hapiogrephemets
1003 4617 1086 4679 igitur
1103 4618 1153 4665 hoo
1170 4617 1294 4666 mendum
1312 4619 1425 4666 fortasse
1443 4619 1635 4668 recensendum
1653 4622 1716 4668 erat.

602 4697 625 4761 ²)
642 4703 783 4749 Praetores
806 4703 827 4747 ci
849 4701 977 4746 docuinam
996 4702 1024 4746 et
1045 4701 1204 4762 αφαιριῖαθαι
1227 4698 1396 4746 scribendum
1419 4712 1478 4746 esse
1499 4712 1576 4746 nemo
1593 4713 1645 4747 non
1662 4697 1737 4746 videt
1753 4696 1792 4741 Pro

570 4781 597 4842 ἣν
614 4784 701 4829 antem
717 4778 827 4838 Bentley
843 4777 917 4824 dedit
934 4774 947 4840 ᾗ
966 4782 1076 4839 propter
1093 4778 1173 4824 verbe
1191 4779 1339 4837 sequentia,
1357 4792 1425 4837 qnae
1440 4791 1520 4838 snprs
1538 4776 1685 4826 omisimus.

604 4859 626 4920 ³)
643 4860 682 4907 Of.
700 4875 759 4920 pag.
780 4861 839 4917 aot,
858 4861 880 4906 2.
