4067 5950
730 783 809 829 vrrs
833 785 872 828 11
896 783 1065 830 ornamus.
1470 769 1512 828 25

282 969 359 1014 cum
380 956 496 1015 multis
514 956 664 1028 impense
681 953 818 1027 gavisus
829 957 882 1014 est
893 955 1143 1028 Aristophanes.
1157 954 1266 1026 Iniqui
1278 957 1392 1013 tamen
1404 954 1516 1013 iudicii

282 1082 365 1127 mox
395 1069 485 1128 cives
514 1067 693 1143 poenituit:
726 1068 760 1126 at
790 1067 982 1128 hominibus
1005 1069 1086 1128 tunc
1109 1067 1303 1127 clementior
1325 1066 1515 1140 pestilentia

282 1193 360 1238 eum
381 1181 502 1254 eripuit
518 1179 765 1240 inconstantiae
784 1179 910 1254 populi,
931 1195 989 1255 pro
1012 1179 1111 1240 rebus
1129 1180 1284 1240 secundis
1296 1182 1354 1238 aut
1366 1178 1515 1238 adversis
1546 1171 1549 1175 ’

281 1293 384 1352 duces
407 1295 504 1354 modo
527 1293 624 1352 laude
647 1292 849 1367 cumulantis
874 1294 971 1353 modo
995 1293 1178 1367 asperrime
1200 1293 1417 1353 criminantis.

328 1404 508 1466 Commodo
531 1405 660 1480 publico
683 1405 759 1478 quis
782 1409 856 1479 post
881 1420 958 1465 eum
982 1409 1053 1466 erat
1076 1405 1336 1479 invigilaturus?

328 1517 488 1579 Periclem
512 1521 549 1578 ut
568 1519 834 1592 summoverent,
860 1519 1041 1593 optimates
1058 1519 1256 1578 societatem
1275 1519 1419 1578 inierant
1438 1533 1513 1577 cum

281 1631 426 1691 factione
457 1646 509 1706 ea,
542 1645 760 1705 quaererem
784 1646 946 1691 novarum
970 1647 1050 1706 prae
1073 1631 1148 1691 aliis
1171 1632 1323 1691 studiosa
1346 1632 1433 1703 erat;
1457 1631 1516 1689 sed

282 1745 449 1820 homines,
481 1761 566 1818 quos
596 1745 836 1819 aliquantisper
867 1746 1023 1805 iunxerat
1049 1746 1160 1805 odium
1185 1760 1376 1820 commune,
1396 1745 1515 1804 disces·

281 1860 399 1916 serunt
421 1860 458 1918 ut
480 1858 625 1933 primum
650 1872 688 1917 eo
707 1873 770 1930 quo
790 1858 967 1918 tenderent
985 1862 1221 1933 pervenerunt,
1243 1859 1375 1931 iamque
1395 1857 1514 1932 denuo,

282 1972 321 2028 111
351 1974 462 2048 antea,
495 1972 571 2032 binc
601 1972 738 2031 stabant
768 1975 932 2046 aratores,
957 1972 1077 2045 quibus
1100 1987 1192 2031 mera
1215 1971 1337 2031 damna
1359 1970 1517 2030 afferebat

282 2084 421 2158 bellum,
446 2084 536 2144 illinc
561 2087 778 2158 mercatores,
805 2084 924 2158 quibus
947 2099 1070 2159 magna
1093 2084 1203 2156 lucra;
1228 2099 1334 2156 neque
1354 2083 1519 2143 alteriutri

282 2199 417 2255 tantum
443 2197 599 2257 valebant
629 2198 666 2256 ut
695 2196 757 2256 soli
787 2198 835 2256 rei
865 2196 1017 2271 publicae
1049 2199 1187 2271 possent
1213 2211 1377 2271 praeesse.
1402 2197 1517 2267 ltaque

282 2310 324 2368 ad
347 2313 460 2384 partes
484 2310 659 2385 populares
686 2325 765 2371 mox
791 2311 889 2370 rediit
912 2325 1022 2372 rerum
1048 2326 1182 2370 summa
1204 2312 1238 2369 et
1259 2309 1403 2369 Pericles
1425 2309 1517 2368 brevi

283 2425 363 2482 ante
382 2423 508 2483 obitum
529 2428 707 2484 revocatus
727 2426 779 2484 est
797 2424 830 2483 in
850 2423 974 2499 locum,
998 2425 1084 2484 unde
1103 2438 1205 2498 nuper
1223 2423 1332 2483 iuerat
1349 2423 1516 2496 depulsus.

283 2535 358 2594 Iam
391 2550 468 2596 vero
501 2537 570 2595 vita
603 2537 717 2597 functo
753 2537 827 2610 quis
861 2541 933 2596 erat
968 2537 1208 2596 successurus?
1239 2536 1332 2595 Alter
1361 2535 1417 2595 ubi
1448 2537 1519 2594 erat

284 2648 446 2724 Pericles,
477 2650 653 2723 prudentia
684 2653 718 2709 11
749 2650 947 2709 auctoritate
977 2651 1009 2708 et
1038 2649 1184 2708 nominis
1210 2649 1383 2724 splendore
1410 2648 1518 2707 itaut

283 2760 339 2820 ille
365 2761 494 2838 valens,
525 2763 582 2835 qui
613 2760 710 2821 firma
739 2777 841 2821 manu
869 2761 1131 2834 gubernaculum
1156 2763 1203 2822 rei
1226 2761 1376 2836 publicae
1399 2763 1518 2820 tenens

280 2875 371 2934 inter
404 2874 495 2934 varia
524 2875 722 2948 voraginum
754 2874 1029 2948 scopulorumque
1059 2874 1205 2949 pericula
1231 2880 1357 2934 certum
1383 2887 1519 2933 cursum

281 2988 441 3062 dirigeret
470 2989 657 3063 interritus,
689 2988 770 3047 illuc
800 3002 865 3061 qno
895 2987 1053 3048 tendebat
1081 2988 1222 3047 feliciter
1249 2988 1425 3060 aliquando
1448 3002 1519 3062 per·
1597 2968 1600 2975 ¹

283 3101 468 3161 venturus?
492 3100 554 3160 Per
577 3100 701 3161 multos
724 3115 828 3161 annos
852 3100 981 3159 civibus
1004 3115 1110 3161 novas
1133 3102 1207 3160 vias
1236 3100 1459 3175 tentantibus,
1481 3101 1518 3157 ut

282 3228 407 3273 novam
431 3214 556 3287 patriae
580 3213 708 3286 sibique
730 3214 813 3288 ipsis
836 3216 961 3273 sortem
986 3218 1157 3289 pararent,
1177 3214 1245 3274 dux
1263 3214 1371 3273 fuerat
1389 3214 1440 3273 vir
1462 3212 1518 3272 ille

282 3326 491 3386 nobilissima
520 3328 619 3400 gente
650 3329 757 3399 ortus,
790 3327 976 3401 priscarum
1007 3329 1216 3387 Athenarum
1245 3341 1389 3402 propago
1420 3326 1516 3386 laude

281 3439 464 3514 opibusque
496 3440 596 3499 avitis
626 3439 769 3513 pollens,
803 3441 870 3500 acri
901 3441 1035 3515 ingenio
1066 3441 1245 3516 praeditus,
1278 3456 1334 3500 ore
1361 3439 1517 3511 facundo,

283 3553 431 3618 moribus
474 3553 682 3613 cultissimis.
722 3552 800 3626 Quis
839 3554 907 3613 iam
946 3557 1161 3629 suscepturus
1194 3557 1266 3614 erat
1300 3569 1395 3629 opus,
1431 3554 1518 3626 qu'od

282 3665 516 3741 imperfectum
539 3665 717 3740 reliquerat
739 3668 784 3740 is,
810 3667 865 3739 qui
888 3669 976 3741 regis
1000 3669 1136 3727 nomine
1159 3668 1230 3728 solo
1254 3669 1419 3742 caruerat,
1444 3682 1517 3727 auc·

281 3780 418 3839 toritate
442 3781 475 3838 et
497 3781 661 3853 potestate
686 3794 762 3839 vere
785 3782 877 3853 regia
900 3781 1023 3841 fruens.
1048 3782 1195 3856 Ruptum
1219 3782 1275 3841 illo
1296 3783 1427 3840 mortuo
1446 3784 1518 3839 erat

284 3892 471 3967 vinculum,
504 3907 567 3965 quo
590 3892 701 3951 studia
725 3893 908 3952 viventium
933 3909 1009 3953 cum
1034 3895 1186 3968 proxima
1209 3894 1382 3954 hominum
1407 3894 1518 3952 aetate

283 4006 446 4065 hactenus
478 4004 710 4065 cohaeserant:
744 4021 852 4066 novus
882 4006 996 4081 populi
1027 4008 1095 4066 dux
1126 4024 1191 4067 non
1223 4006 1437 4067 enobilitate
1461 4007 1519 4065 sed

284 4132 326 4177 ex
349 4118 423 4192 ipso
444 4117 563 4192 populo
589 4121 661 4177 erat
684 4118 916 4191 proventurus.

329 4229 490 4291 Mercator
520 4231 584 4290 fuit
614 4231 643 4289 is
670 4231 726 4304 qui
749 4232 954 4304 provinciam
978 4231 1096 4292 Pericli
1120 4236 1227 4292 morte
1250 4234 1399 4306 ereptam
1425 4234 1461 4299 in¹
1482 4247 1518 4291 se

284 4345 430 4418 recipere
461 4344 632 4404 sustinuit.
664 4342 765 4403 (iuius
791 4344 854 4403 viri
878 4346 973 4403 cunis
997 4359 1062 4404 non
1088 4361 1205 4405 musae
1229 4346 1397 4419 gratiaeve
1420 4345 1519 4404 adsti-

284 4459 410 4531 terunt,
443 4457 501 4516 sed
532 4457 648 4529 genius
680 4454 812 4515 laboris.
838 4456 978 4529 Negotia
1001 4456 1058 4516 ille
1082 4457 1233 4531 curabat,
1259 4474 1324 4517 non
1348 4461 1438 4517 artes
1461 4462 1519 4517 aut

284 4571 494 4645 disciplinas;
516 4570 676 4630 honestus
696 4572 768 4629 erat
787 4572 819 4628 et
839 4571 1010 4645 strenuus,
1033 4572 1068 4630 at
1080 4572 1168 4631 idem
1182 4573 1283 4631 durus
1295 4574 1328 4630 et
1340 4571 1518 4631 violentus.

284 4685 357 4744 Non
388 4683 445 4743 ille
475 4687 512 4744 ut
544 4684 689 4743 molliret
720 4683 787 4742 iras
816 4682 990 4742 hominum
1024 4687 1057 4743 et
1080 4685 1192 4744 studia
1216 4685 1349 4744 diversa
1371 4684 1459 4743 inter
1483 4699 1519 4743 se

284 4796 476 4856 conciliaret
510 4798 612 4856 dabat
646 4811 794 4872 operam,
831 4796 889 4855 sed
924 4797 1036 4856 odium
1072 4798 1146 4857 odio
1181 4797 1381 4872 opponebat,
1416 4797 1518 4856 minis
