4067 5950
560 743 625 804 278
999 759 1043 804 nx
1065 758 1173 804 nxxru
1196 758 1348 805 uuerco.

558 932 599 1006 R,
625 932 690 991 668
715 928 879 1009 ἀνηβῆσαι]
904 928 1058 1009 &aufidum
1080 932 1121 1008 R,
1151 932 1215 992 702
1239 927 1427 1011 κάγαπητὴν]
1452 929 1612 1009 septentrio
1636 932 1674 1006 R,
1698 932 1767 991 1028

557 1042 769 1116 ἐκσκάλευσον]
794 1042 976 1104 ἒκσάλευοον
999 1044 1036 1104 Β.
1845 1032 1846 1037 ¹

601 1158 640 1217 In
674 1157 894 1219 Εοοῑοοίοοοοιο
928 1173 1021 1234 vero,
1059 1158 1153 1219 cuius
1194 1157 1324 1219 fabulae
1366 1161 1498 1219 textum
1535 1158 1642 1219 multo
1675 1159 1769 1217 minus
1843 1118 1847 1254 A

554 1272 714 1333 vitiosum
748 1286 849 1345 quam
882 1272 996 1346 Lysist
998 1274 1091 1333 ratae
1124 1269 1262 1347 praebet
1297 1272 1401 1333 codex
1436 1272 1479 1347 R,
1516 1286 1679 1347 perpauca
1706 1276 1772 1331 sunt
1842 1279 1847 1380 l

553 1400 639 1459 quae
662 1385 795 1446 aliunde
819 1386 939 1460 corrigi
961 1388 1020 1446 aut
1041 1386 1209 1461 potuerint
1233 1391 1291 1447 aut
1315 1386 1499 1447 debuerint
1842 1445 1847 1486 ἰ

600 1498 637 1560 In
675 1498 1001 1575 lheamophoricauaia
1030 1499 1170 1574 denique
1198 1498 1314 1561 rabula
1343 1500 1545 1561 recensenda
1575 1500 1671 1560 unico
1696 1500 1773 1559 fonte
1842 1493 1847 1621 l

556 1612 686 1674 utimur
709 1612 748 1674 R.

599 1866 672 1928 Uno
703 1867 863 1942 adspectu
887 1882 952 1941 quo
975 1866 1108 1928 facilius
1131 1867 1282 1942 legentes
1301 1868 1432 1943 possint
1454 1866 1633 1941 complecti
1654 1865 1775 1926 nomina
1845 1902 1846 1910 ο

554 1979 757 2057 fabularum,
779 1996 862 2053 quae
882 1981 915 2041 in
935 1979 1103 2041 codicibus
1123 1982 1293 2041 mentione
1312 1980 1510 2055 praesertim
1528 1980 1637 2055 dignis
1655 1979 1773 2052 extant,

555 2107 598 2153 ex
620 2092 733 2154 ordine
757 2109 796 2154 ea
819 2080 992 2169 disponam
1016 2094 1051 2154 in
1073 2094 1234 2156 laterculo
1257 2094 1314 2169 qui
1337 2094 1503 2183 sequitur:

555 2449 619 2498 th.
670 2449 718 2508 Eq.
770 2449 838 2497 Nub.
896 2450 972 2510 Vesp.
1040 2452 1094 2499 Pax
1152 2454 1198 2501 Ar.
1253 2452 1314 2510 nys.
1365 2452 1469 2500 Thesm.
1515 2452 1579 2499 nan.
1620 2449 1687 2497 hoel.
1726 2448 1785 2494 Plut.

569 2788 608 2799 -·
678 2752 707 2811 V
782 2758 811 2816 V
916 2758 945 2816 V
1159 2755 1188 2814 V
1398 2788 1435 2799 -
1645 2788 1683 2798 -

569 2868 596 2929 R
679 2868 708 2927 R
782 2870 811 2929 R
918 2872 946 2931 R
1158 2871 1187 2931 R
1393 2869 1421 2929 R
1647 2868 1674 2928 R

569 2985 598 3045 A
680 2984 709 3042 A
783 2989 812 3047 A
918 3019 959 3029 -
1158 2985 1187 3045 A
1395 3019 1434 3030 -
1640 2984 1669 3043 A

1625 3093 1705 3139 -asn

568 3188 598 3244 Γ
680 3190 709 3246 Γ
785 3223 826 3233 -
917 3192 946 3247 Γ
1047 3192 1077 3248 Γ
1158 3191 1187 3247 Γ
1263 3192 1292 3248 Γ
1394 3221 1438 3231 -
1530 3222 1571 3234 -
1652 3189 1680 3245 Γ
1740 3213 1773 3224 -

655 3297 729 3358 (lac.)
822 3346 825 3349 ,
873 3300 920 3347 421
937 3311 994 3359 sqq.
1030 3297 1103 3358 (lac.)
1135 3300 1208 3360 (lac.)
1245 3299 1319 3360 (lao.)
1608 3297 1705 3343 -11a5

607 3858 731 3919 Scholia
762 3858 859 3933 longe
889 3859 1059 3920 uberrima
1091 3858 1227 3920 exhibet
1257 3860 1362 3921 codex
1384 3859 1422 3936 V,
1448 3833 1537 3934 quae
1557 3875 1575 3920 e
1599 3851 1774 3932 Symmachi

562 3974 814 4034 commentariis
848 3972 981 4033 saeculo
1017 3968 1048 4033 1⁰
1081 3972 1134 4033 vel
1168 3969 1217 4032 11⁰
1253 3977 1329 4048 post
1363 3972 1438 4034 Chr.
1477 3987 1509 4036 n.
1544 3971 1677 4047 scriptis
1707 3965 1774 4027 sunt

561 4089 734 4163 excerpta,
775 4088 937 4148 admixtis
979 4089 1174 4149 recentioris
1213 4089 1386 4149 cuiusdam
1428 4087 1644 4163 grammatici
1675 4079 1776 4146 Phaini

562 4201 767 4276 aliorumque
790 4201 916 4263 notulis
932 4197 963 4272 ¹).
988 4203 1052 4262 Sed
1075 4204 1108 4262 in
1129 4203 1400 4264 membranarum
1422 4202 1509 4263 haud
1528 4202 1577 4262 ita
1596 4207 1775 4276 magnarum

594 4508 614 4575 ¹)
633 4511 672 4558 cf.
699 4523 780 4570 supra
802 4524 862 4571 pag.
889 4511 946 4558 266.
969 4535 1002 4544 —
1026 4511 1065 4558 Ad
1089 4510 1188 4557 calcem
1210 4509 1325 4558 Nobium
1348 4508 1454 4557 fabulae
1476 4510 1503 4556 ln
1527 4509 1547 4556 V
1571 4509 1637 4557 haeo
1655 4508 1775 4568 leguntur:

562 4594 724 4648 „houdilcourt
746 4588 775 4647 (1.
797 4594 942 4645 κοκώὶιοται,
964 4589 992 4636 in
1013 4603 1096 4637 cerm
1117 4587 1221 4636 diremia
1237 4591 1305 4647 aunt)
1323 4592 1348 4636 ix
1365 4597 1410 4635 τῶν
1424 4589 1578 4653 Ἡλιοδώρου·
1596 4587 1775 4653 παραγέγραπται

559 4675 585 4717 ix
608 4678 653 4717 τῶν
677 4673 784 4716 Φοοίνοο
807 4670 846 4715 xci
869 4671 1003 4729 Σομμάχου
1026 4669 1065 4715 καὶ
1089 4669 1163 4715 llum
1185 4668 1277 4716 cerba?
1299 4668 1331 4716 In
1354 4668 1407 4714 fine
1426 4668 1515 4715 Pedia:
1535 4669 1740 4734 „noqoeya'rpcmct
1755 4666 1775 4708 la

561 4754 668 4796 Φαοὶοοο
685 4751 724 4796 καὶ
742 4749 899 4808 Συμμάχου.”
918 4748 948 4794 ln
966 4747 1061 4794 Avium
1080 4749 1163 4796 exitu:
1183 4747 1395 4813 ἰοιοιρογέγρουηοι
1408 4751 1433 4794 iu
1450 4757 1495 4795 chr
1510 4751 1644 4810 Συμμάχοο
1660 4750 1696 4796 xci
1712 4747 1775 4793 ἄλλο*

560 4825 652 4891 ogolst‘
670 4830 736 4877 Ante
753 4827 912 4889 hypothesin
929 4827 1093 4887 vesparum:
1107 4831 1230 4885 „marlaco
1244 4830 1282 4876 ccl
1299 4827 1454 4889 Σομμάχοο.”
