4067 5950
675 778 718 822 nu
741 778 850 825 uuxuu
872 775 1026 824 uaamuo.
1398 760 1462 821 288

411 950 541 1028 λήψεται
564 948 723 1027 τάλαντον,
746 945 787 1029 ἣν
810 944 844 1009 tl
866 949 976 1021 ζῶντα
1000 946 1127 1028 ἀγάγῃ
1150 945 1287 1028 τέτταρα,

237 1066 291 1125 aed
314 1065 427 1126 hiatus
450 1067 523 1124 tum
547 1064 684 1125 demum
708 1065 759 1126 eet
779 1062 934 1139 expletus
958 1078 1034 1123 cum
1055 1063 1089 1123 ln
1108 1063 1297 1139 fragmento
1317 1064 1467 1142 vetusto,

239 1178 319 1252 quod
342 1177 513 1253 evulgavit
536 1176 638 1253 Weil,
662 1179 796 1253 reperta
818 1178 871 1237 eat
893 1176 991 1237 lectio
1014 1176 1161 1237 sincera:

703 1287 743 1369 ἣν
768 1284 801 1349 tl
825 1284 906 1361 ζῶντ’
934 1286 1142 1369 &mayolum
1165 1285 1298 1367 τέτταρα.

280 1403 367 1465 Olim
401 1405 503 1480 igitur
534 1420 553 1465 e
582 1404 706 1465 litteris
735 1404 1083 1463 ΖΩΝΤΑΠΑΓΑΓΗΙ
1113 1404 1198 1464 duae
1232 1402 1469 1479 haplographia

238 1518 486 1580 interciderunt.

278 1630 465 1693 Gemellum
490 1631 613 1692 vitium
635 1631 670 1691 in
690 1629 719 1691 V
739 1630 820 1692 etR
843 1633 877 1692 et
896 1630 1015 1691 ceteris
1036 1629 1205 1691 codicibus
1224 1630 1276 1691 est
1294 1628 1369 1691 Pac.
1382 1628 1465 1689 439:

413 1742 456 1823 μὰ
479 1739 529 1804 At‘
556 1738 617 1805 ἀλλ’
644 1742 678 1805 ἐν
702 1743 808 1828 εἰρήνῃ
832 1743 1063 1825 διαγ<αγ>εἶν
1087 1738 1140 1803 τὸν
1163 1741 1244 1821 βίον.

279 1858 429 1934 Denique
450 1859 619 1921 indicatus
643 1860 716 1920 esto
738 1857 872 1920 Thesm.
897 1859 974 1934 494,
998 1856 1056 1918 ubi
1079 1856 1124 1920 R:
1244 1938 1247 1945 ⁴

414 1968 469 2050 τὴν
491 1965 593 2050 νύχθ’,
615 1968 714 2032 ἕωθεν
737 1970 1102 2050 σκορόδιαμασῶμεθα,

240 2100 318 2159 quae
341 2088 451 2147 metro
473 2086 580 2147 invito
602 2086 652 2147 sic
673 2086 833 2149 distincta
855 2086 990 2147 suntin
1015 2085 1166 2146 Iuntina:

415 2196 471 2276 τὴν
494 2193 596 2279 νύχθ’,
617 2196 714 2260 ἕωθεν
738 2198 907 2278 σκορόδια
931 2198 1128 2277 μασώμεθαμ

241 2312 408 2387 syllabam
431 2313 653 2389 supplendam
678 2328 754 2376 ease
778 2314 862 2375 vidit
885 2314 1043 2388 Bentley:

617 2424 715 2487 ἔωθεν
739 2425 942 2506 σκόρο<δα>
971 2425 1222 2504 διαμασώμεθα.

280 2631 454 2691 Adduntur
477 2630 603 2692 similia
621 2631 685 2693 duo
705 2631 801 2719 vitia,
824 2645 908 2705 quae
927 2646 986 2707 per
996 2629 1263 2708 paradlorthosin
1276 2629 1310 2689 in
1324 2628 1469 2688 deterius

242 2744 413 2818 postmodo
436 2747 516 2805 sunt
540 2747 681 2806 mutata.
705 2746 768 2807 Av.
795 2747 857 2807 118
881 2746 916 2806 ln
939 2745 1008 2807 VR
1032 2746 1150 2807 ceteris
1173 2747 1242 2805 est:

415 2855 466 2916 aul
489 2865 548 2937 γῆν
572 2856 714 2919 &citou
737 2857 803 2918 nul
826 2855 895 2935 τὴν
919 2858 1075 2918 θάλατταν
1097 2856 1130 2918 ἐν
1147 2855 1169 2930 ι)
1193 2859 1301 2943 κύκλῳ.

242 2970 358 3033 Verum
382 2972 606 3033 restituerunt
628 2972 776 3049 Elmsley
799 2977 833 3035 et
855 2972 943 3034 Beck
966 2971 1076 3034 deleto
1099 2972 1254 3034 articulo:

415 3083 466 3145 aul
489 3095 547 3166 γῆν
572 3085 797 3151 ἔπέ<π>του
821 3085 884 3147 καὶ
905 3088 1062 3147 θάλατταν
1085 3086 1117 3148 ἐν
1140 3089 1249 3172 κύκλῳ.

281 3198 364 3260 Nub.
391 3201 478 3262 1276
502 3215 552 3274 sq.
588 3201 815 3278 Strepsiadem
851 3204 885 3263 et
920 3203 1100 3277 Amyniam
1133 3202 1183 3263 sic
1217 3201 1468 3263 confabulantes

243 3312 364 3374 iaciunt
387 3312 456 3373 VR
480 3313 555 3376 alii:

414 3429 502 3486 ΣΤΡ.
524 3425 577 3487 τὸν
600 3425 769 3506 ἐγκέφαλον
792 3427 892 3508 ὥσπερ
916 3430 1074 3489 σεσεῖσθαί
1094 3451 1147 3506 μοι
1170 3429 1277 3500 δοκεῖς.

415 3543 492 3600 ΑΜ.
517 3541 555 3601 σὺ
579 3538 612 3602 δὲ
634 3540 674 3619 νὴ
698 3541 750 3603 τὸν
766 3537 886 3622 Ἑρμῆν
908 3542 1207 3622 προσκεκλῆσθαί
1229 3563 1292 3619 μοι
1316 3540 1461 3611 δοκεῖς.

282 3653 345 3714 Ubi
367 3671 385 3716 e
412 3654 514 3715 suida
536 3655 734 3716 restitutum
758 3658 811 3717 eet
834 3671 968 3717 verum:

765 3762 1210 3847 προσκεκλήσ<εσ>θαίρῖ
1238 3765 1333 3844 ἐμοί.

244 3879 277 3940 ln
304 3881 443 3956 vulgata
473 3884 508 3942 el
538 3880 661 3942 misere
691 3881 839 3943 abundat
860 3884 1020 3944 iteratum
1046 3883 1145 3955 δοκεῖς
1169 3885 1202 3944 et
1224 3895 1321 3956 aegre
1344 3881 1467 3941 deside·

244 3997 331 4056 ratur
352 3995 446 4056 notio
467 3996 631 4070 temporis
653 3995 769 4057 futuri.

246 4236 279 4317 2)
299 4240 352 4300 De
372 4240 556 4301 versibus
576 4247 735 4315 propter
756 4240 974 4301 vicinorum
994 4240 1286 4303 similitudinem
1303 4241 1466 4300 omissis.

284 4428 618 4505 Haplographematis
651 4431 822 4490 artissime
855 4432 999 4504 cognata
1028 4431 1108 4490 aunt
1139 4431 1236 4505 vitia,
1268 4443 1351 4503 quae
1379 4429 1468 4503 parit

247 4555 393 4603 versuum
430 4543 615 4604 vicinorum
651 4542 774 4603 similis
805 4543 917 4604 exitus
948 4543 1001 4604 vel
1034 4544 1178 4604 initium.
1210 4542 1351 4603 Librarii
1381 4555 1466 4615 quae

246 4656 434 4733 omiserunt,
460 4657 620 4718 cancellis
642 4657 862 4718 includemus.
1177 4639 1194 4660 ⁸

276 4858 294 4924 ¹)
309 4865 339 4911 In
355 4866 375 4913 V
392 4868 522 4915 omissum
540 4869 582 4915 eet
598 4870 630 4921 lv.
647 4863 675 4912 in
693 4864 715 4912 R
733 4869 774 4914 eat
790 4871 940 4914 θάλασσαν
958 4871 989 4914 σν,
1005 4867 1057 4916 Sed
1074 4865 1145 4914 levia
1161 4866 1233 4914 haec.
