4067 5950
584 768 649 829 290
1023 786 1065 831 nu
1088 783 1196 831 ruxru
1221 786 1373 832 raunrro.

581 956 687 1017 altera
709 971 827 1016 versus
850 970 928 1031 pars
951 956 1059 1031 periit.
1085 956 1173 1033 Quae
1196 956 1341 1019 fortasse
1363 958 1413 1019 sic
1436 959 1618 1035 explenda:

1254 1070 1305 1131 δεῖ
1323 1068 1361 1149 δὴ
1384 1071 1459 1132 νονί
1480 1088 1513 1133 σε
1536 1074 1676 1152 γενέσθαι

584 1180 655 1247 (ἐν
677 1186 783 1243 τοῖσι
806 1182 939 1263 λόγοις
962 1182 1161 1261 νομψήν,>
1189 1183 1305 1263 δεινήν,
1327 1184 1453 1263 σεμνήν,
1472 1184 1601 1267 ἀγανήν,
1619 1186 1791 1267 πολύπειρον.

623 1483 778 1546 Necnon
801 1485 856 1545 lric
879 1485 1163 1547 commemorandi
1187 1488 1267 1547 sunt
1290 1486 1383 1549 locus
1406 1502 1493 1548 unus
1516 1490 1551 1549 et
1569 1488 1662 1565 ulter,
1681 1487 1733 1548 ubi
1750 1488 1792 1548 bis

578 1598 693 1659 eadem
717 1598 820 1660 verba
843 1599 1011 1674 leguntur.

621 1714 697 1774 Pac.
725 1714 764 1775 17
785 1729 835 1787 sq.
859 1714 949 1775 servi
971 1714 1021 1775 ita
1045 1714 1319 1776 confabulantur:

757 1831 795 1886 A.
841 1825 898 1888 οὖν
977 1820 1023 1887 ἔθ’
1050 1819 1112 1899 οἷός
1136 1821 1158 1887 τ’
1183 1821 1237 1904 εἴμ’
1263 1823 1421 1907 ὑπερέχειν
1444 1834 1497 1905 τῆς
1520 1824 1691 1900 ἀντλίας.

756 1942 788 1998 Β.
835 1937 933 2018 αὐτὴν
955 1936 999 2020 ἄρ’
1027 1940 1100 2001 οἴσω
1125 1939 1282 2020 ξυλλαβὼν
1306 1938 1363 2019 τὴν
1387 1938 1560 2001 ἀντλίαν.

622 2053 756 2115 Scotino
779 2056 935 2129 quoniam
958 2055 1072 2129 nequit
1096 2056 1225 2133 corripi,
1250 2056 1344 2131 patet
1363 2071 1380 2117 e
1399 2071 1499 2117 versu
1518 2055 1673 2131 proximo
1692 2069 1793 2115 vocem

576 2185 650 2231 esse
669 2170 858 2244 repetitam.
877 2168 1012 2231 Lacuna
1030 2169 1134 2246 igitur
1152 2169 1340 2245 indicanda,
1361 2184 1445 2243 ques
1461 2170 1511 2230 sic
1523 2171 1635 2245 potest
1647 2169 1793 2245 suppleri:

755 2281 851 2360 αὐτὴν
874 2277 919 2363 ἄρ’
945 2282 1017 2343 οἴσω
1041 2280 1198 2361 ξυλλαβὼν
1221 2280 1276 2359 τὴν
1302 2281 1546 2359 (κάρδοπον
1558 2294 1596 2348 >.
1837 2280 1838 2283 ’

619 2398 721 2473 quue
752 2397 875 2473 legisse
907 2397 1038 2458 videtur
1062 2397 1174 2473 quiin
1198 2397 1337 2459 scholiis
1360 2398 1511 2473 scripsit:
1538 2394 1627 2473 „ivri
1649 2405 1702 2457 τοῦ
1723 2395 1794 2456 σιά-

574 2535 663 2589 φην.
686 2520 779 2571 ταῦτα
802 2506 834 2570 ul
858 2508 951 2570 εἰπὼν
974 2508 1139 2588 προσφέρει
1161 2509 1201 2570 τὸ
1225 2508 1387 2589 ἀγγεῖον
1413 2508 1445 2571 ἐν
1470 2504 1493 2593 ᾧ
1517 2507 1652 2590 ἔφύρα”.

619 2626 706 2687 Plut.
732 2625 817 2685 1128
841 2640 912 2699 sqq.
937 2625 1091 2686 Mercurii
1115 2627 1194 2685 sunt
1218 2623 1382 2686 clamores
1407 2624 1581 2700 lugubres:

753 2736 835 2813 οἴμοι
857 2732 891 2796 δὲ
913 2740 1011 2814 κωλῆς
1034 2732 1081 2814 ἣν
1104 2735 1177 2817 ἐγὼ
1201 2737 1450 2816 κατήσθιον]

575 2856 609 2914 et
632 2869 698 2915 uno
723 2867 821 2912 versu
845 2851 1057 2912 intermisso:

753 2964 932 3044 σπλάγχνων
954 2986 984 3024 τε
1007 2969 1132 3044 θερμῶν
1156 2955 1207 3025 ὧν
1231 2962 1303 3045 ἐγὼ
1327 2961 1573 3043 κατήσθιον]

571 3083 636 3144 Ubi
665 3083 744 3157 quin
774 3081 933 3157 librariis,
959 3095 1026 3141 non
1050 3081 1176 3141 cornico
1199 3080 1380 3141 debeantur
1404 3079 1504 3140 rerba
1526 3080 1649 3142 iterata
1671 3082 1792 3142 dubium

571 3212 637 3257 non
671 3196 812 3257 videtur.
838 3195 921 3256 Sunt
944 3196 1060 3255 tamen
1083 3193 1117 3255 in
1141 3189 1249 3264 VR1)
1273 3193 1404 3255 ceteris.
1428 3195 1497 3255 Aut
1518 3193 1626 3269 priore
1650 3195 1721 3257 loeo
1743 3194 1792 3270 pri·

570 3310 675 3370 mitus
698 3309 864 3370 eiusmodi
887 3310 965 3383 quid
988 3309 1094 3369 fuisse
1117 3308 1267 3369 videtur:

750 3419 831 3497 οἴμοι
855 3415 888 3479 δὲ
911 3423 1009 3496 κωλῆς
1035 3430 1140 3499 (τῆς
1164 3419 1252 3499 ἐμοὶ
1275 3421 1396 3481 πάλαι
1418 3421 1574 3501 φίλης)

570 3537 630 3595 aut
651 3534 854 3609 posteriore:

749 3647 929 3728 σπλάγχνων
952 3669 982 3707 τε
1005 3652 1132 3727 θερμῶν
1155 3637 1198 3706 ὧν
1226 3648 1587 3727 (κατεβρόχθιζον
1611 3649 1747 3714 τότε).

613 3763 738 3824 Eadem
757 3777 859 3824 causa
877 3762 979 3823 nimis
998 3762 1065 3821 sibi
1084 3761 1214 3821 similes
1226 3761 1304 3822 fecit
1318 3777 1437 3822 versus
1450 3763 1577 3824 vicinos
1589 3763 1727 3826 Thesm.
1740 3762 1789 3824 260

570 3879 605 3938 et
628 3879 711 3938 263:

748 3997 786 4050 A.
832 3983 883 4071 ἆρ’
910 3986 1077 4070 ἁρμόσει
1100 4011 1181 4067 μοις
1272 3992 1305 4049 Β.
1351 3988 1390 4067 νὴ
1415 3985 1467 4049 Δί’
1494 3988 1613 4052 κτλ...

747 4111 785 4165 A.
831 4097 883 4185 ἆρ’
910 4101 1077 4184 ἁρμόσει
1101 4125 1180 4181 μοις
1204 4101 1320 4183 χαλαρὰ
1343 4112 1420 4183 γοῦν
1444 4102 1501 4164 κτὲ.

570 4219 716 4296 Quorum
739 4219 886 4294 priorem
910 4218 1031 4279 vitium
1056 4218 1264 4278 contraxisse
1288 4219 1372 4278 satis
1397 4219 1491 4279 docet
1515 4221 1710 4283 contextus.

611 4334 680 4395 Nec
703 4348 770 4394 non
794 4348 860 4393 vox
884 4334 1079 4394 monstrosa
1102 4333 1304 4391 Ἀττικανικοί
1320 4331 1395 4393 Pac.
1418 4333 1482 4393 215
1502 4333 1581 4393 hino
1601 4330 1787 4405 duxitorigi·

567 4464 656 4510 nem.
681 4447 749 4524 Quo
772 4447 844 4508 loco
868 4447 1051 4507 Mercurius
1075 4445 1216 4506 Graecos
1236 4446 1412 4522 increpans
1432 4447 1544 4507 bettore
1564 4448 1612 4507 ait
1630 4444 1785 4518 maurus,

568 4564 634 4625 ticet
656 4563 702 4625 uti
719 4579 834 4641 pacem
857 4563 1069 4640 wucitiureut,

605 4874 625 4929 ¹)
638 4876 669 4922 In
683 4875 705 4921 B
720 4885 810 4920 versus
825 4873 890 4918 1119
905 4883 945 4929 sq.
956 4873 1065 4930 propter
1074 4869 1101 4916 ιλ
1111 4869 1287 4928 ἁμοιοτλλιυιον
1296 4873 1358 4917 sunt
1368 4868 1467 4932 omissi,
1476 4869 1537 4917 dein
1545 4871 1572 4915 in
1581 4871 1702 4930 murglne
1712 4862 1782 4918 adut
