4067 5950
559 695 624 757 264
999 711 1042 757 ur
1065 709 1173 757 ruxru
1195 710 1349 757 rmorro.

556 898 596 945 ea
626 883 724 959 signa
752 883 802 944 ita
830 884 911 943 suut
938 880 1089 944 adbibita
1119 882 1154 944 in
1176 897 1301 958 papyro
1325 884 1491 946 comicum
1515 883 1647 958 aliquod
1669 883 1765 943 hama

557 997 731 1074 complexa
754 991 787 1066 1).

600 1223 698 1285 Brevi
715 1225 791 1299 post
809 1223 956 1283 medium
976 1223 1148 1285 saeculum
1169 1223 1768 1299 111196111601116111311161611161116111

556 1340 590 1398 et
624 1337 767 1399 aliorum
797 1338 973 1413 poetarum
1003 1340 1039 1398 et
1070 1338 1273 1401 comicorum
1305 1338 1457 1415 operibus
1488 1338 1651 1414 impendit
1679 1338 1769 1397 virin

437 1444 447 1449 “
555 1451 669 1526 paucis
698 1451 816 1512 doctus
846 1452 881 1511 et
911 1450 1056 1525 prudens
1086 1451 1329 1529 Aristophanes
1360 1451 1557 1528 Byzantius,
1590 1451 1646 1525 qui
1669 1450 1770 1511 Biblio·

553 1565 672 1625 thecae
706 1564 950 1626 Alexandrinae
983 1563 1225 1641 aliquantisper
1258 1565 1322 1627 iuit
1352 1565 1573 1642 praepositus,
1608 1563 1772 1639 discipulus

558 1676 767 1755 callimachi,
811 1677 987 1754 Zenodoti,
1022 1677 1264 1755 Eratosthenis,
1300 1678 1470 1740 Machonis
1504 1680 1622 1754 poetae
1656 1677 1772 1752 comici,

557 1791 751 1868 Euphrouii,
783 1789 934 1866 Dionysii
956 1791 1076 1853 iambi.
1108 1791 1171 1868 Qui
1192 1795 1363 1868 poetarum
1387 1792 1567 1866 lyricorum
1591 1790 1774 1853 6161611116-

557 1920 633 1965 rum
663 1905 827 1966 editiones
857 1905 988 1980 paravit
1018 1905 1189 1980 aliquanto
1220 1921 1322 1981 quam
1353 1920 1437 1981 quae
1461 1906 1559 1967 antea
1582 1904 1773 1966 circumiere·

557 2018 678 2079 bantur
707 2018 861 2079 utiliores
892 2020 926 2079 et
955 2020 1119 2093 gratiores
1148 2019 1344 2095 legentibus.
1368 2020 1452 2081 Nam
1476 2022 1510 2081 et
1532 2020 1665 2080 textum
1689 2032 1774 2092 quam

557 2134 689 2207 poterat
718 2133 844 2209 optime
875 2128 1081 2203 recensuitb
1112 2135 1146 2194 et
1176 2132 1325 2195 carmina
1347 2134 1382 2195 in
1406 2133 1589 2195 versiculos
1613 2133 1776 2193 concinuos

557 2247 605 2306 ita
638 2245 774 2307 diremit
807 2246 879 2307 sive
913 2243 1054 2306 ἐκώλισεν
1085 2250 1122 2307 111
1153 2247 1347 2308 etiamnunc
1374 2248 1408 2307 in
1439 2247 1606 2308 codicibus
1636 2246 1777 2320 leguntur

557 2359 740 2436 perscripta
763 2353 798 2429 8).
822 2357 924 2421 (iuius
946 2358 1048 2420 studii
1070 2360 1201 2435 insigne
1220 2362 1476 2423 monumentum
1494 2359 1630 2435 praebet
1649 2358 1775 2431 Bacchy·

557 2474 634 2534 lidis
657 2490 804 2550 papyrus
826 2475 961 2537 saeculo
985 2477 1064 2536 ante
1087 2473 1256 2537 Christum
1283 2476 1313 2535 1⁰
1336 2476 1470 2551 scripta.

602 2586 793 2649 Garminum
818 2589 1071 2651 dividendorum
1094 2589 1200 2652 oiiicio
1224 2590 1378 2663 qamnodo
1400 2589 1535 2650 iunctus
1555 2590 1647 2649 esset
1664 2588 1776 2650 Aristo·

557 2703 698 2779 phanes,
722 2702 753 2762 1⁰
777 2707 851 2778 post
869 2702 945 2765 Ohr.
964 2704 1099 2765 saeculo
1119 2703 1287 2766 enarravit
1305 2702 1503 2764 Heliodorus
1520 2704 1554 2763 in
1575 2701 1775 2774 Oolometria,

557 2816 614 2891 qui
629 2816 713 2877 liber
732 2819 878 2877 aetatem
898 2832 963 2877 nou
982 2817 1075 2893 tulit,
1097 2818 1154 2880 sed
1173 2817 1305 2892 saepius
1325 2817 1479 2879 laudatur
1497 2817 1532 2877 iu
1552 2816 1707 2890 scholiis;
1723 2815 1777 2889 qai·

557 2929 615 2990 baa
636 2931 749 2992 autem
768 2930 945 2992 rationibus
960 2931 1204 3008 Aristophanes
1215 2931 1398 3008 Byzantius
1411 2932 1500 2993 esset
1512 2931 1645 3006 ductus,
1660 2926 1778 2992 saeculo

557 3045 711 3119 sequenti
734 3045 843 3106 docuit
867 3046 1068 3121 Hephaestio
1091 3047 1125 3107 iu
1149 3046 1232 3107 libro
1256 3047 1295 3107 de
1318 3044 1539 3109 Carminibus.
1563 3044 1672 3104 Etiam
1696 3044 1779 3117 sigua

558 3158 769 3240 queritans,
794 3162 1005 3236 accentuum,
1031 3160 1170 3236 spiritus
1192 3160 1233 3222 ad
1256 3159 1513 3235 Aristophanem
1532 3157 1778 3234 grammaticum

558 3271 745 3333 referuntur
766 3270 802 3343 ι).
834 3272 937 3334 (truce
964 3278 1014 3356 (τῷ
1038 3290 1075 3354 χ,
1101 3271 1221 3350 ytaliae)
1245 3274 1385 3334 notabat
1406 3272 1650 3347 Aristophanes
1673 3282 1778 3330 versus

558 3386 693 3447 molesti
715 3388 905 3462 suspective
930 3388 984 3448 vel
1008 3388 1144 3449 omnino
1168 3387 1324 3449 notabile·
1338 3387 1461 3461 aliquid
1484 3387 1646 3447 habentes
1667 3379 1699 3455 ⁵).

603 3499 773 3576 Scriptone
807 3501 983 3562 mandavit
1016 3502 1181 3576 quaedam
1215 3501 1456 3576 Aristophanes
1492 3515 1534 3561 ex
1564 3500 1606 3560 iis
1636 3513 1718 3573 quae
1745 3496 1777 3555 do

558 3613 746 3675 dramatum
779 3617 875 3676 textu
906 3616 940 3675 61
962 3615 1078 3675 metris
1101 3615 1270 3675 auditores
1294 3615 1371 3674 viva
1396 3629 1475 3675 voce
1499 3614 1615 3675 dooere
1638 3609 1777 3674 solebat?

558 3727 593 3786 Si
627 3727 720 3804 iecit,
755 3729 795 3789 ad
830 3743 891 3788 nos
922 3744 987 3789 non
1017 3729 1170 3803 pervenit
1199 3729 1246 3788 rei
1276 3727 1455 3789 memoria:
1486 3729 1662 3803 poetarum
1692 3739 1778 3802 opera

557 3841 740 3918 recensuit,
773 3841 1029 3902 commentarios
1061 3842 1100 3902 de
1132 3842 1174 3902 iis
1204 3841 1313 3902 nullos
1343 3842 1476 3902 videtur
1506 3841 1690 3918 scripsisse.
1718 3838 1778 3900 Ari·

558 3955 693 4017 starcho
716 3955 945 4032 potissimum,
971 3956 1133 4033 discipulo
1158 3957 1230 4017 eius
1253 3957 1351 4032 longe
1370 3957 1674 4033 praestantissimo,
1698 3953 1777 4015 debe·

559 4084 635 4129 mus
670 4084 754 4142 quae
789 4069 829 4129 de
863 4070 935 4130 eius
969 4070 1091 4131 studiis
1122 4071 1310 4132 Homericis
1340 4071 1513 4147 novimus,
1545 4070 1643 4133 alteri
1676 4071 1776 4130 autem

592 4375 612 4436 ι)
630 4374 718 4424 Hibeh
734 4378 827 4438 papyri
844 4378 857 4423 Ι
875 4373 962 4439 (iaco)
981 4375 1012 4424 u⁰
1030 4381 1053 4426 6.

590 4454 612 4515 2)
628 4457 675 4504 Hx.
693 4471 731 4516 gr,
749 4458 880 4505 dabantur
897 4460 922 4506 ai
939 4459 1136 4507 emendationes
1154 4458 1258 4506 ll'hesm.
1278 4459 1326 4506 169
1344 4462 1449 4514 Ἀλκαῖος
1466 4472 1515 4520 pro
1532 4461 1636 4520 Ἀχαιός,
1652 4459 1716 4506 Plut
1736 4454 1774 4504 119

561 4537 619 4590 Ναῒς
637 4549 686 4597 pro
702 4538 769 4590 Auta.

591 4611 845 4677 3)(11.Ῑ)161116.(16
864 4618 985 4678 (lompos.
1002 4616 1074 4664 verb.
1093 4631 1118 4678 p.
1137 4618 1219 4675 21190
1238 4619 1264 4664 et
1283 4617 1323 4672 99,
1335 4618 1365 4665 ia
1384 4617 1454 4676 sylb.

588 4691 611 4759 ⁴)
631 4693 769 4759 Arcadii)
787 4709 812 4756 p.
831 4697 889 4744 iao.

590 4770 612 4835 ⁶)
632 4774 670 4822 (li.
689 4775 772 4822 schol.
789 4775 850 4823 Pac.
870 4776 919 4823 999
936 4774 1042 4828 Thesm.
1062 4776 1111 4824 911
1129 4775 1198 4823 Plul.
1218 4776 1265 4824 119
1284 4773 1397 4834 (Proleg.
1416 4775 1449 4823 ad
1466 4776 1535 4824 Plut.
1553 4790 1579 4838 p.
1597 4775 1678 4826 XXIV
1694 4775 1747 4836 aq).
1840 4773 1841 4822 r
