4067 5950
753 739 832 782 vira
856 738 895 782 nr
920 737 1089 782 canalaus.
1495 724 1534 782 11

306 910 549 972 Themistocles
591 909 662 986 ille,
704 924 767 983 quo
811 907 949 969 maioris
983 907 1108 982 ingenii
1141 908 1250 969 virum
1287 908 1437 969 Athenae
1464 922 1537 968 ‚non

307 1023 472 1084 viderunt.
509 1023 570 1098 Qui
604 1025 737 1098 portum
776 1022 824 1082 ita
862 1022 899 1082 ut
937 1022 1121 1096 expugnari
1160 1038 1226 1084 non
1267 1026 1381 1097 posset
1415 1023 1538 1082 muniri

307 1109 479 1214 iussit,'ut
497 1135 615 1198 firmus
634 1138 688 1198 hic
706 1136 844 1198 nucleus
863 1136 950 1196 foret
969 1136 1115 1196 civitatis
1137 1137 1244 1198 totam
1265 1152 1345 1198 mox
1365 1135 1537 1196 Graeciam

307 1251 551 1326 complexurae.
572 1251 658 1312 Ante
677 1251 790 1310 omnia
801 1252 914 1310 autern
928 1250 1083 1324 Spartam
1095 1249 1291 1311 vincendam
1305 1265 1378 1310 esse
1390 1249 1537 1326 videbat,

306 1381 375 1426 non
407 1365 495 1425 enirn
526 1379 627 1440 penes
658 1363 741 1424 duas
771 1365 888 1437 gentes
919 1377 993 1424 esse
1016 1378 1115 1438 posse
1139 1378 1309 1424 summam
1332 1378 1461 1436 rerum;
1487 1362 1539 1423 cui

306 1478 413 1539 officio
444 1481 480 1537 ut
511 1480 624 1552 posset
655 1477 781 1553 vacari,
814 1491 931 1552 pacem
962 1492 1039 1537 cum
1072 1492 1148 1552 rege
1179 1477 1358 1538 Persarum
1389 1491 1463 1537 esse
1494 1477 1537 1538 la·

308 1591 528 1652 ciendam...

355 1705 417 1764 Sed
448 1720 513 1764 non
545 1707 617 1765 erat
648 1705 681 1764 in
712 1704 792 1764 latis
822 1706 859 1764 ut
890 1706 964 1764 rata
994 1702 1111 1765 flerent
1135 1704 1283 1779 ingentia
1307 1705 1388 1765 haec
1411 1703 1538 1764 Themi·

307 1819 424 1879 stoclia
454 1818 603 1879 consilia.
635 1817 799 1879 Decennio
827 1819 902 1892 post
925 1833 1071 1892 pugnam
1096 1818 1314 1880 Salaminiam
1339 1818 1539 1894 inperitum

308 1933 458 1994 civilium
490 1933 700 1994 contentione
731 1935 907 2008 superatus
938 1933 1048 1992 solum
1079 1934 1180 1993 vertit
1211 1934 1265 1994 ille
1296 1934 1329 1994 ct
1351 1934 1384 1993 in
1408 1933 1540 2008 regione

308 2046 488 2121 longinqua
518 2037 674 2107 'mortuus
708 2049 760 2106 est
794 2046 889 2120 exul;
926 2061 1031 2120 neque
1070 2046 1142 2106 eius
1181 2046 1290 2108 famae
1325 2049 1541 2123 pepercerunt

308 2161 492 2221 adversarii
519 2161 667 2236 maligni.
688 2160 805 2221 Simon
825 2164 897 2221 tum
917 2161 1070 2236 princeps
1090 2164 1123 2220 in
1143 2177 1178 2222 re
1198 2161 1328 2237 publica
1348 2162 1538 2237 estractus,

308 2274 398 2334 iilius
428 2274 499 2334 eius
523 2274 585 2334 viri
615 2274 671 2348 qui
703 2274 743 2334 ad
767 2274 993 2335 Marathonem
1018 2274 1138 2336 Persas
1162 2275 1302 2350 vicerat;
1328 2276 1430 2351 stirpe
1453 2274 1541 2335 nobi·

308 2388 441 2448 lissima
476 2388 528 2448 hio
563 2389 635 2447 erat
669 2389 763 2448 ortus
800 2390 833 2447 et
867 2387 994 2448 divitiis
1028 2388 1173 2463 pollebat
1208 2388 1411 2464 ingentibus,
1446 2388 1542 2448 fortis

309 2503 424 2562 autem
457 2503 528 2561 erat
560 2504 592 2561 at
623 2515 820 2582 generosus,
852 2503 890 2561 ut
919 2503 1012 2576 pater
1036 2501 1144 2562 fuerat
1168 2501 1343 2562 Miltiades.
1368 2501 1438 2562 Hoc
1461 2501 1543 2561 duce

308 2629 415 2688 neque
448 2614 584 2689 Spartae
615 2615 793 2675 adversum
825 2616 876 2675 est
906 2614 991 2674 itum
1024 2628 1128 2687 neque
1159 2629 1236 2674 cum
1266 2614 1377 2674 Persis
1400 2629 1467 2689 pax
1490 2616 1543 2675 est

310 2728 411 2788 inita:
437 2727 541 2802 impia
565 2726 725 2788 nimirum
750 2729 849 2801 atque
872 2727 1015 2788 scelesta
1031 2727 1230 2788 videbantur
1252 2727 1334 2787 talia
1354 2727 1542 2788 hominihus

308 2841 515 2917 probioribus
538 2856 638 2915 quam
662 2841 904 2916 sagacioribus,
929 2842 984 2915 qui
1004 2840 1058 2900 vel
1077 2841 1241 2901 auxilium
1260 2840 1366 2902 tulere
1385 2840 1544 2901 fratribus

308 2954 557 3030 Peloponnesiis
591 2955 664 3015 tum
700 2969 776 3015 cum
811 2953 960 3015 cladibus
998 2954 1191 3015 domesticis
1224 2955 1356 3031 penitus
1391 2953 1544 3030 perculsa

309 3069 428 3144 Sparta
457 3067 657 3129 labascebat.
689 3068 815 3143 Nempe
846 3067 978 3129 iortuna
1000 3083 1071 3129 rem
1095 3069 1261 3144 publicam
1285 3068 1544 3129 Atheniensium

309 3185 343 3242 et
367 3198 444 3243 cum
463 3182 522 3243 illa
545 3183 655 3257 ipsam
679 3181 849 3242 Graeciam
873 3181 1056 3241 liberatura
1079 3183 1151 3242 erat
1173 3181 1317 3257 aemulo,
1343 3197 1408 3256 quo
1432 3196 1542 3255 super·

309 3296 388 3355 stite
422 3310 459 3356 eo
492 3310 554 3370 quo
586 3294 656 3355 iata
687 3294 851 3355 vocabant
877 3295 1051 3370 parvenire
1071 3310 1137 3355 non
1161 3297 1308 3369 poteram
1334 3328 1374 3338 -
1399 3295 1544 3355 sednon

310 3410 460 3470 siverunt
490 3410 554 3484 ipsi
584 3408 817 3471 Athenienses.
857 3408 940 3469 Oum
972 3408 1102 3469 civibus
1132 3409 1203 3469 suis
1237 3408 1351 3470 Simon
1380 3409 1542 3470 auxilium
1646 3408 1652 3419 ⁴

310 3523 388 3583 tulit
407 3522 584 3597 Spartiatis
604 3522 735 3582 helotas
751 3538 838 3583 nova
853 3538 911 3597 spe
928 3525 1057 3583 erectos
1070 3524 1127 3582 vix
1144 3523 1245 3583 etiam
1258 3522 1505 3584 cohibentibus.
1518 3567 1543 3583 ..

310 3639 344 3696 et
376 3651 452 3696 cum
483 3636 517 3695 in
549 3635 831 3696 Lacedaemonem
863 3638 1027 3696 venerunt
1057 3637 1288 3712 sospitatores,
1319 3638 1357 3696 ut
1384 3652 1401 3696 6
1424 3634 1545 3696 finibus

309 3750 507 3821 quantocius
538 3750 667 3811 exirent
694 3766 774 3811 mox
797 3749 1042 3811 humanissime
1064 3752 1144 3811 sunt
1167 3751 1286 3824 rogati.
1312 3749 1413 3825 ,Tam
1438 3752 1545 3823 gratia

310 3864 420 3937 erat”;
456 3864 576 3923 fratres
612 3852 743 3924 Atticos
782 3864 929 3923 Lacones
963 3864 1038 3938 plus
1073 3865 1174 3924 ctiam
1214 3863 1410 3924 metuebant
1444 3879 1544 3936 quam

311 3991 426 4037 servos
450 3972 635 4038 seditiosos.

355 4092 494 4163 Iamque
524 4092 650 4151 nemini
682 4091 860 4152 obscurum
884 4107 957 4152 esse
980 4094 1113 4166 poterat
1135 4092 1242 4165 qualis
1266 4093 1356 4152 esset
1378 4092 1545 4152 fraternus

310 4207 365 4272 ille
384 4205 629 4281 Spartiatarum
649 4208 683 4265 et
701 4205 958 4267 Atheniensium
979 4221 1082 4282 amor,
1103 4207 1159 4279 qui
1178 4220 1220 4266 ne
1237 4206 1421 4267 laederetur
1433 4221 1543 4279 quam-

311 4320 460 4379 maxime
491 4320 648 4378 caverant
679 4315 793 4377 Simon
830 4321 864 4378 et
892 4318 947 4391 qui
979 4332 1052 4378 cum
1086 4334 1123 4378 eo
1154 4317 1330 4377 faciebant.
1362 4317 1407 4378 Ut
1430 4322 1545 4379 tauros

311 4433 461 4507 geminos
495 4430 585 4491 lento
621 4446 737 4505 gressu
773 4446 891 4505 agrum
925 4432 1085 4493 laetorum
1126 4433 1367 4506 promissorum
1401 4433 1543 4492 feracem

311 4546 493 4619 sulcantes,
525 4543 573 4604 sic
603 4545 781 4605 concordes
804 4545 851 4605 ire
875 4546 992 4606 ambas
1016 4546 1170 4605 civitates
1193 4546 1363 4606 iusserant
1373 4534 1381 4603 :¹
1405 4547 1546 4618 atquae

313 4673 425 4719 rerum
457 4658 615 4717 decursus
645 4658 779 4733 ipsaque
810 4661 930 4718 natura
960 4658 1176 4734 diremerant,
1209 4659 1376 4718 conciliari
1399 4673 1438 4718 ea
1460 4659 1547 4719 inter

316 4786 350 4832 se
380 4770 580 4845 nequibant:
604 4785 670 4832 non
694 4770 871 4846 proborum
895 4772 953 4831 sed
978 4786 1151 4833 caecorum
1176 4771 1350 4832 hominum
1376 4773 1447 4832 erat
1469 4771 1550 4831 talia
