4067 5950
671 778 714 824 or
736 778 846 825 rcxro
867 776 1022 823 marro.
1392 762 1456 822 265

242 953 391 1030 discipulo
420 952 612 1015 Callistrato
636 986 677 999 -
701 951 759 1025 qui
788 949 983 1012 Aristarcho
1013 949 1102 1010 haud
1132 964 1212 1011 sane
1246 963 1370 1025 suppar
1397 946 1463 1008 fuit

243 1067 413 1129 eruditione
454 1068 511 1128 aut
552 1066 705 1128 acumine
736 1099 777 1109 -
810 1079 894 1140 quae
935 1066 975 1125 de
1015 1063 1168 1127 scenicis.
1210 1062 1264 1124 Sic
1297 1061 1461 1138 Euripidis

242 1183 339 1242 Orest.
365 1181 451 1241 1038
474 1181 573 1242 lectio
597 1180 830 1256 Aristophanis
853 1178 1009 1254 Byzantii
1038 1178 1176 1239 affertur
1199 1192 1241 1239 ex
1264 1175 1462 1238 auctoritate

243 1295 415 1356 callistrati
432 1290 465 1366 ¹).
496 1295 589 1355 idem
619 1294 654 1355 in
684 1296 812 1356 comico
842 1293 971 1354 obtinet
990 1286 1025 1364 ²).
1060 1293 1123 1353 Sed
1154 1308 1196 1354 ex
1230 1288 1462 1365 Aristophanis

243 1406 359 1481 Λέξεσιν
393 1411 428 1469 et
463 1406 648 1486 Παρωιμίαις
683 1410 717 1469 et
746 1404 814 1484 arpi
845 1405 1036 1485 Προσώπων,
1065 1405 1219 1481 operibus
1248 1402 1462 1480 praestantis·

243 1523 344 1599 simis,
375 1522 517 1596 aliisque
548 1521 688 1583 minoris
718 1519 866 1582 ambitus
896 1520 1096 1593 leviorisque
1126 1517 1331 1594 argumenti,
1355 1514 1463 1590 qualis

243 1637 298 1697 luit
314 1635 397 1697 liber
416 1632 561 1713 περὶτῶν
582 1633 747 1713 Ἀθήνησιν
767 1631 924 1712 ἓιαιρίδων
940 1628 980 1711 ⁸),
1000 1633 1164 1695 multant
1182 1632 1223 1693 ad
1242 1630 1326 1693 alios
1346 1629 1462 1705 poetas

243 1750 285 1811 sic
313 1753 346 1811 et
374 1750 415 1811 ad
447 1750 613 1811 comicum
643 1748 930 1825 interpretandum
961 1747 1060 1809 utilia
1086 1748 1277 1823 petiverunt
1298 1758 1462 1821 gramma·

242 1864 292 1925 tici
312 1864 527 1940 recentiores,
553 1878 581 1924 e.
605 1879 636 1938 g.
660 1864 701 1923 ad
723 1862 782 1937 liq.
803 1862 886 1925 796:
914 1859 1156 1941 ,catamitae
1179 1858 1212 1921 τὸ
1233 1869 1308 1943 σιμῷ
1327 1869 1367 1941 τῷ
1390 1854 1461 1919 ποδὶ

244 1975 289 2037 τὸν
309 1982 437 2058 γλωῦιον
460 1976 597 2054 νιαίιιν”,
620 1977 708 2038 teste
731 1976 920 2051 fragmento
939 1974 1090 2037 Parisino
1108 1982 1169 2035 τῶν
1186 1971 1308 2047 Λέξεων
1326 1973 1462 2049 exiguo,

245 2092 321 2166 quod
350 2091 453 2153 edidit
484 2090 687 2152 Boissonade
707 2082 748 2163 ι);
780 2104 841 2150 nec
870 2104 937 2150 non
964 2104 982 2150 e
1005 2088 1263 2163 commentario,
1288 2102 1352 2161 quo
1376 2100 1462 2147 com·

245 2205 355 2281 plexus
385 2209 438 2267 est
466 2220 552 2281 quae
582 2206 733 2267 addenda
763 2207 798 2267 et
823 2205 1017 2280 corrigenda
1040 2204 1183 2267 babebat
1205 2203 1247 2263 ad
1270 2200 1464 2264 callimachi

246 2318 410 2394 catalogos
445 2318 671 2381 Bibliothecae
703 2318 950 2380 Alexandrinae
985 2314 1032 2389 (τὰ
1062 2315 1138 2397 πρὸς
1168 2314 1239 2389 τοὺς
1269 2314 1464 2393 Καλλιμάχου

246 2430 377 2504 Πίνααας
405 2433 502 2494 illum
531 2432 654 2494 librum
685 2432 877 2508 inscripsit).
907 2430 1068 2507 Exemplo
1094 2431 1140 2492 sit
1163 2431 1250 2505 quod
1272 2430 1307 2489 in
1329 2428 1466 2491 scholiis

246 2545 280 2606 ad
302 2546 382 2607 Nub.
408 2547 471 2608 967
497 2546 658 2621 legimus:
685 2545 809 2623 ,verbe
827 2541 995 2623 τηλέπορόν
1013 2566 1042 2603 ιι
1059 2541 1161 2623 βόαμα
1181 2542 1307 2604 vetusti
1325 2542 1466 2603 alicuius

247 2661 396 2720 carminis
419 2674 494 2721 esse
516 2660 668 2736 initium,
692 2659 750 2721 sed
773 2661 908 2735 poetam
932 2658 1090 2735 ignorari,
1118 2654 1151 2717 ἐν
1173 2655 1230 2738 γὰρ
1253 2653 1466 2733 ἀαοιιιάαμαιι

248 2769 276 2831 ἐν
297 2782 330 2855 ιῇ
351 2772 540 2857 βιβλιοθήκῃ
563 2774 665 2854 εὑρεῖν
688 2771 911 2852 Ἀριστοφάνη”
928 2767 963 2843 ⁶).

286 2886 358 2948 Veri
388 2890 442 2949 est
471 2887 680 2949 simillimum
711 2887 969 2963 Aristophanem
999 2885 1201 2961 Byzantium
1230 2884 1372 2959 singulis
1395 2884 1464 2945 dra·

246 3002 339 3062 matis
371 3003 587 3078 praemisisse
619 3002 759 3064 notitias
792 3002 1024 3078 didascalicae,
1068 3016 1152 3075 quas
1186 2999 1364 3076 praebebat
1395 2998 1464 3060 Ari·

247 3116 368 3177 stotelis
389 3131 473 3192 opus
496 3115 531 3174 al
548 3115 766 3193 Διδασκαλίαι,
782 3129 995 3190 quaecunque
1014 3116 1054 3176 de
1074 3114 1313 3176 certaminibus
1328 3111 1466 3188 poeticis

249 3244 263 3289 e
293 3230 516 3292 monumentis
556 3229 698 3305 publicis
738 3229 816 3290 sciri
857 3232 1014 3305 poterant
1049 3229 1261 3304 complexum
1285 3219 1327 3301 ⁶);
1362 3226 1466 3287 etiam

247 3357 337 3417 opera
358 3343 581 3420 Theophrasti
603 3339 682 3422 (περὶ
705 3342 897 3429 Κωμῳδίας),
917 3343 1115 3417 Hieronymi
1134 3341 1253 3402 Rhodii
1272 3337 1351 3418 (περὶ
1369 3339 1467 3415 Πιναρ-

247 3461 319 3531 ιῶν),
340 3430 496 3519 Herodici
519 3457 791 3543 (Κωμῳδαύμινα),
818 3458 1026 3534 Dicaearchi,
1050 3454 1282 3518 Eratosthenis
1305 3453 1467 3528 quaedam

249 3571 394 3644 praebere
425 3575 617 3650 potuerunt,
649 3587 711 3633 nec
731 3572 869 3632 dubium
892 3572 971 3646 quin
995 3570 1218 3646 praebuerint.
1243 3568 1297 3629 Sic
1319 3567 1466 3628 Dicaear-

250 3684 323 3744 chus
350 3687 549 3747 nominatim
580 3687 866 3748 commemoratur
895 3686 930 3745 in
954 3686 1161 3759 Argumento
1184 3683 1370 3755 Ranarum,
1394 3680 1470 3741 Bra·

251 3798 413 3861 tosthenes
435 3801 471 3859 in
494 3799 590 3860 Pacis
602 3793 636 3871 ⁷).

289 3911 440 3974 Fortasse
471 3912 573 3974 etiam
603 3913 789 3974 summaria
811 3912 927 3974 brevia
949 3911 1075 3972 eddidit
1097 3910 1339 3986 Aristophanes
1362 3923 1468 3983 grem-

252 4027 398 4105 maticus,
442 4042 527 4102 quae
567 4027 761 4102 argumenti
794 4025 1056 4103 expositionem,
1091 4026 1219 4101 locum,
1249 4036 1467 4099 personarum

283 4278 301 4344 ¹)
316 4283 385 4332 Idem
401 4283 483 4342 igitur
500 4284 668 4332 statuendum
686 4283 858 4332 decernibus
876 4286 934 4342 4⁸9,
952 4285 1009 4340 718.
1030 4283 1101 4331 leet.
1118 4283 1158 4331 Oi.
1177 4273 1256 4330 etiam
1274 4281 1354 4342 Hipp.
1374 4280 1430 4328 lii.

282 4357 302 4424 ²)
318 4364 354 4411 (ll.
370 4365 452 4412 schol.
471 4365 576 4413 Thesm.
595 4364 652 4413 ert.

283 4437 304 4503 8)
318 4440 353 4490 cr.
368 4444 449 4493 ιαιαι.
468 4442 538 4491 niue.
558 4445 614 4491 ree.

284 4518 303 4579 ⁴]
319 4523 354 4570 Oi.
369 4525 459 4572 Nauck
477 4522 609 4584 Aristoph.
626 4536 653 4584 p.
671 4525 712 4570 80.

285 4596 306 4658 ⁶)
322 4603 358 4650 ili.
374 4602 452 4651 etiam
470 4603 553 4651 schol.
571 4604 677 4651 Thesm.
698 4604 730 4650 80
748 4598 785 4665 (in
804 4601 908 4661 Proleg.
927 4602 1033 4651 Thesm.
1049 4615 1075 4663 p.
1093 4602 1135 4649 111
1152 4599 1213 4660 sq.)

286 4677 818 4744 ο)1)ιιΔιόαωναλίαιςιιοωῐΟιιιιιιίιοιιιιιιι
835 4683 869 4730 ad
886 4682 980 4730 Athen.
999 4683 1133 4730 ibt-262
1152 4682 1263 4740 egerunt
1271 4677 1378 4726 Boeolrh
1386 4676 1470 4724 ΟΜ.

257 4759 269 4804 1
285 4762 329 4809 aso
344 4763 430 4813 Banlm
447 4764 507 4812 viu
524 4761 659 4824 Aristoph.
676 4776 703 4823 p.
722 4762 846 4811 oxxxn.

288 4837 307 4904 ⁷)
322 4844 358 4890 or.
374 4843 453 4892 ιιιωα
470 4845 534 4892 nan.
552 4844 626 4891 rore.
