4067 5950
535 743 599 801 lae
1053 756 1094 800 os
1118 755 1242 801 rossan

533 929 567 988 et
599 926 716 1002 gravia
748 928 802 988 est
834 942 1005 1004 perpessa,
1042 961 1083 971 -
1118 941 1183 988 uon
1218 927 1308 990 onim
1343 928 1454 1003 pueris
1483 929 1542 990 aut
1571 927 1767 990 semidoctis

532 1039 770 1116 interpretibus
799 1041 979 1117 scripserat
1000 1042 1100 1116 poeta
1123 1041 1282 1118 comicus,
1306 1041 1364 1104 sed
1383 1041 1628 1117 spectatoribus
1650 1056 1769 1116 aequa·

532 1151 636 1229 libus,
660 1185 704 1196 —
722 1153 854 1229 integra
872 1156 986 1215 tamen
1004 1154 1176 1229 superavit
1194 1169 1237 1215 ex
1255 1154 1357 1232 clade,
1375 1155 1624 1230 quapleraeque
1635 1154 1769 1216 fabulae

532 1265 795 1340 Aristophaneae
820 1267 1079 1342 intercideruut;
1108 1283 1187 1329 nam
1218 1282 1284 1331 nou
1316 1269 1381 1330 nisi
1403 1271 1541 1343 quartae
1566 1269 1684 1341 cuique
1710 1268 1770 1330 cle·

533 1381 682 1440 mentem
717 1395 754 1442 se
788 1381 956 1456 praestitit
987 1381 1131 1443 fortuna.
1162 1380 1203 1442 Mt
1234 1384 1287 1443 est
1317 1397 1398 1444 sane
1429 1382 1515 1456 quod
1545 1382 1770 1458 gaudeamus,

534 1492 597 1552 boc
619 1507 747 1566 quoque
770 1496 888 1568 poetae
911 1509 994 1570 opus
1017 1493 1058 1556 ad
1082 1510 1143 1556 nos
1165 1495 1376 1570 pervenisse;
1400 1495 1466 1557 vile
1489 1495 1578 1556 enim
1603 1509 1679 1556 esse
1705 1509 1772 1556 non

534 1605 643 1680 potuit
661 1606 694 1666 id
713 1606 799 1680 quod
816 1622 859 1667 ex
874 1606 965 1668 illius
981 1607 1113 1682 ingenio
1129 1608 1218 1670 esset
1233 1611 1451 1684 prognatum:
1471 1608 1601 1682 aquilae
1613 1609 1772 1669 senectus

534 1719 708 1780 iuventute
731 1719 868 1781 alaudae
892 1721 1015 1796 potiori
1041 1721 1104 1782 Sed
1128 1721 1277 1794 quisquis
1305 1720 1393 1784 dolat
1416 1720 1555 1782 iniurias
1577 1736 1597 1782 a
1619 1723 1776 1799 tempore

536 1831 732 1895 inexorabili
763 1833 948 1895 carissimis
976 1834 1197 1897 familiaribus
1220 1834 1345 1912 illatas,
1371 1835 1505 1898 Plutum
1528 1835 1677 1897 fabulam
1703 1849 1771 1909 per·

536 1946 652 2020 legens
674 1946 794 2020 gaudio
816 1946 864 2008 illi
886 1949 1076 2010 moestitiae
1099 1947 1222 2023 aliquid
1246 1948 1435 2011 admixtum
1458 1949 1572 2010 sentit.

582 2058 700 2120 Plutus
728 2058 841 2120 rabula
866 2062 904 2121 ut
926 2077 1002 2123 cum
1027 2062 1239 2123 Feminarum
1263 2063 1407 2138 Imperio
1432 2078 1452 2124 a
1474 2061 1659 2137 legentibus
1684 2075 1773 2121 oom-

537 2175 672 2250 paretur
701 2173 767 2234 tert
796 2174 899 2249 ratio;
930 2190 1009 2237 uam
1041 2178 1074 2236 et
1100 2179 1251 2251 tempore
1281 2177 1344 2237 bae
1367 2175 1500 2237 fabulae
1523 2176 1611 2237 iuter
1634 2191 1671 2236 se
1696 2174 1774 2237 eunt

538 2287 667 2348 vicinae
685 2319 730 2329 -
748 2288 904 2350 nonnisi
926 2291 1067 2362 quatuor
1090 2290 1168 2350 anni
1191 2290 1411 2351 iuterfuerunt
1437 2320 1476 2332 -
1503 2291 1536 2350 et
1557 2288 1683 2352 similis
1707 2302 1774 2349 am·

538 2400 643 2461 bubus
683 2403 736 2462 est
776 2401 946 2463 materies.
987 2401 1161 2464 Mulierum
1200 2403 1385 2464 Divertium
1420 2402 1594 2463 Mulierum
1629 2401 1773 2477 Imperio

538 2515 783 2587 quodammodo
813 2515 1042 2578 continuatam
1072 2517 1221 2578 diximus
1252 2517 1419 2578 fabulam:
1449 2532 1515 2578 nou
1549 2517 1660 2576 minus
1683 2518 1774 2577 recte

539 2628 661 2689 (luerit
691 2629 856 2704 quispiam
887 2645 974 2706 rem,
1006 2645 1104 2704 quam
1134 2632 1168 2690 in
1196 2630 1370 2692 Mulierum
1394 2631 1538 2706 Imperio
1561 2632 1658 2705 poeta
1681 2629 1775 2690 insti·

538 2742 674 2820 tuisset,
698 2743 732 2803 lu
755 2742 851 2804 Pluto
874 2759 971 2820 porro
995 2760 1069 2805 esse
1092 2746 1281 2806 tractatam.

586 2967 676 3030 Satis
706 2969 859 3046 apparuit
889 2970 1062 3031 bominum
1093 2969 1264 3030 civitatem
1296 2984 1362 3029 non
1392 2983 1489 3045 posse
1516 2967 1565 3030 its
1582 2967 1717 3029 institui
1740 2970 1774 3027 ut

541 3085 715 3158 aquarium
749 3083 882 3158 aliquod
915 3083 970 3146 vel
1004 3084 1187 3158 aviarium
1222 3085 1274 3144 ius
1304 3082 1441 3145 dominii
1471 3082 1500 3143 si
1528 3081 1678 3157 tollatur,
1709 3095 1773 3141 non

541 3198 643 3259 simul
666 3197 837 3258 sublatum
860 3198 901 3257 iri
920 3199 1166 3273 paupertatem,
1187 3212 1293 3271 neque
1312 3211 1410 3272 posse
1427 3194 1499 3257 fieri
1517 3198 1556 3257 ut
1572 3210 1628 3256 res
1645 3194 1775 3270 publica

541 3313 590 3373 ita
601 3312 775 3373 moderata
789 3311 1028 3385 aliquantisper
1044 3312 1221 3386 consistat,
1238 3312 1295 3372 sed
1307 3310 1459 3386 proximo
1471 3311 1523 3371 die
1535 3309 1775 3384 collapsuram;

542 3426 689 3486 bumana
711 3426 867 3486 instituta
886 3425 920 3485 et
939 3439 1066 3498 mores,
1089 3427 1127 3485 ut
1150 3425 1241 3500 ipsos
1264 3424 1430 3500 homines,
1450 3424 1540 3498 gigni
1559 3426 1592 3483 et
1612 3437 1774 3495 crescere,

543 3554 609 3599 non
639 3554 736 3614 posse
765 3537 944 3600 artificiose
975 3536 1102 3599 confici.
1134 3538 1196 3599 Sed
1227 3539 1300 3598 rata
1329 3537 1439 3611 aliquo
1466 3536 1563 3597 modo
1587 3537 1617 3596 si
1640 3535 1776 3611 possent

506 3630 510 3636 ⁴
543 3651 615 3713 fleri
633 3668 717 3726 quae
740 3654 940 3729 appetuntur
964 3667 984 3712 a
1006 3652 1087 3713 viris
1105 3666 1268 3713 novarum
1288 3665 1399 3712 rerum
1419 3650 1591 3726 studiosis,
1613 3648 1777 3710 meliusne

543 3765 628 3826 soret
657 3766 884 3828 mortalibus?
914 3768 1076 3828 Essentne
1103 3764 1282 3842 feliciores,
1311 3765 1340 3824 si
1362 3764 1451 3825 ultro
1475 3765 1661 3839 acciperent
1684 3776 1776 3835 quae·

544 3895 685 3953 cumque
707 3882 849 3955 poscunt
872 3879 963 3940 vitae
986 3893 1068 3939 usus
1091 3881 1125 3939 et
1145 3878 1255 3940 cultus
1275 3892 1381 3951 neque
1399 3878 1629 3952 paupertatem
1650 3874 1779 3951 experti

545 3995 705 4054 nossent?

591 4108 686 4168 Hanc
708 4122 796 4169 nuuc
818 4108 1049 4181 quaestionem
1074 4108 1137 4168 sibi
1161 4107 1332 4185 proposuit
1355 4106 1511 4167 comicus

590 4220 700 4296 Magni
722 4222 867 4297 proiecto
890 4222 1052 4282 momenti
1074 4222 1313 4296 quaestionem.
1337 4221 1448 4294 Neque
1471 4219 1607 4280 maioris
1633 4231 1777 4291 unquam
1856 4192 1857 4205 ἵ

548 4335 710 4398 momenti
740 4350 780 4396 ea
806 4336 914 4410 potuit
943 4335 1047 4396 videri
1077 4350 1178 4409 quam
1201 4338 1282 4396 tunc
1304 4334 1458 4410 Athenis,
1484 4333 1539 4393 ubl
1563 4334 1659 4407 egeni
1685 4334 1780 4393 erant
1856 4358 1857 4385 l

548 4449 681 4525 plurimi
716 4449 749 4509 et
782 4447 822 4508 de
854 4448 977 4508 auxilio
1012 4448 1139 4509 civibus
1174 4448 1325 4523 inopibus
1359 4447 1487 4523 publice
1517 4446 1650 4507 ferendo
1680 4460 1779 4521 saepe

548 4564 790 4652 disputabatur.
822 4563 884 4624 Sed
916 4577 981 4623 non
1013 4562 1120 4623 cuivis
1149 4561 1221 4623 loco
1245 4561 1310 4622 fuit
1334 4564 1418 4636 apta.
1443 4560 1472 4619 A
1495 4560 1626 4620 theatro
1649 4559 1778 4632 quidem

550 4693 615 4739 non
647 4680 719 4738 erat
749 4676 868 4752 aliona,
902 4676 959 4736 sed
989 4678 1062 4736 arat
1092 4690 1112 4735 a
1143 4674 1313 4737 comoedia
1341 4673 1594 4749 Aristophanes.
1627 4672 1779 4733 Felicitas

547 4791 625 4865 quid
644 4790 703 4867 sit,
723 4790 914 4865 tragoediae
934 4790 1045 4865 potius
1067 4791 1118 4849 est
1137 4802 1309 4864 quaerere,
1333 4788 1371 4847 ut
1393 4788 1441 4863 et,
1462 4799 1548 4859 quae
1570 4786 1712 4859 cognata
1731 4787 1779 4846 est
1856 4842 1857 4845 ,
