4067 5950
569 764 632 824 164
1084 781 1126 827 11
1149 783 1274 830 acarna

563 950 623 1012 lim
647 952 764 1014 deduci
788 953 892 1015 voluit
917 957 1030 1033 poeta,
1055 956 1162 1031 qualis
1185 957 1248 1018 fuit
1270 957 1487 1020 Troianorum
1512 972 1632 1032 equum
1657 957 1785 1018 fatalem

564 1066 598 1125 11
622 1081 734 1127 arcem
757 1081 853 1127 suam
877 1069 1154 1143 protrahentium.

607 1180 696 1241 Nihil
727 1181 890 1242 eiusmodi
920 1182 1123 1258 significavit
1151 1184 1207 1245 ille
1230 1187 1289 1246 aut
1311 1185 1418 1246 voluit
1440 1183 1640 1261 significare.
1665 1186 1709 1245 At
1729 1186 1784 1246 uti-

564 1310 644 1357 nam
674 1295 878 1358 ostendisset
899 1296 931 1356 id
955 1298 1041 1371 quod
1065 1300 1098 1360 11
1122 1300 1235 1360 mente
1258 1298 1415 1377 habebat,
1447 1315 1526 1361 vera
1549 1299 1675 1360 dixisse
1697 1300 1786 1361 deam

564 1410 713 1488 Laboris,
738 1426 804 1472 non
828 1411 991 1487 profuisse
1015 1413 1207 1474 hominibus
1228 1413 1363 1476 Plutum
1387 1418 1561 1490 sanatum
1586 1428 1706 1490 nempe
1726 1429 1786 1474 non

563 1539 680 1586 revera
701 1525 805 1587 fuisse
828 1528 1003 1603 sanatum,
1029 1527 1087 1588 sed
1110 1527 1293 1590 humanum
1317 1529 1351 1589 in
1374 1530 1508 1590 modum
1531 1545 1619 1591 nunc
1638 1544 1785 1605 myopem

566 1654 639 1701 esse
667 1639 848 1715 redditum,
878 1643 916 1701 ut
946 1643 1027 1702 sunt
1056 1640 1174 1715 111111
1197 1642 1373 1716 glaucoma
1395 1646 1448 1705 est
1470 1642 1635 1720 ablatum,
1659 1645 1786 1716 iamque

564 1752 598 1813 in
622 1754 717 1815 donis
740 1753 978 1815 distribuendis
1001 1755 1169 1816 humanae
1193 1756 1370 1830 aequitatis
1394 1757 1558 1818 rationem
1578 1759 1689 1832 sequi;
1709 1757 1785 1817 cala·

564 1869 735 1947 mitatem,
767 1884 833 1931 non
861 1869 1059 1931 felicitatem
1082 1869 1213 1932 illatam
1236 1885 1310 1932 esse
1332 1870 1544 1948 mortalibus,
1569 1886 1590 1932 1
1612 1871 1692 1932 1111
1713 1885 1788 1932 mox

564 1961 749 2056 precatoris
772 1985 811 2043 ut
835 1999 970 2045 caecum
994 1985 1102 2045 denuo
1126 1985 1277 2046 redderet
1300 1984 1496 2060 Opulentiae
1519 1986 1628 2047 deum.

608 2094 698 2172 Quod
718 2097 747 2156 si
766 2097 894 2159 iactum
913 2101 1016 2173 esset,
1039 2098 1237 2174 chremylus
1254 2100 1289 2159 in
1308 2098 1423 2159 fanum
1442 2099 1606 2174 Apollinis
1624 2098 1787 2172 rediisset,

563 2212 600 2271 ut
631 2226 707 2272 cum
740 2211 799 2272 deo
831 2213 1074 2289 expostularet,
1106 2214 1162 2287 111
1192 2212 1320 2274 malum
1352 2213 1528 2274 consilium
1559 2213 1707 2274 dedisset
1730 2212 1788 2273 sibi

563 2324 713 2399 supplici.
746 2325 863 2400 Apollo
893 2341 972 2387 vero
1002 2327 1229 2402 respondisset
1251 2327 1283 2388 ei
1305 2325 1415 2388 verbis
1439 2327 1530 2388 chori
1552 2326 1713 2404 Nubium,
1738 2326 1788 2385 ho·

563 2440 689 2500 minem
723 2441 836 2516 inepte
870 2440 1050 2502 scelestum
1086 2441 1302 2518 confutantis,
1334 2442 1390 2514 qui
1425 2441 1643 2502 eruditionem
1677 2441 1720 2501 ab
1750 2441 1788 2499 iis

562 2555 728 2630 petiverat
756 2557 794 2615 ut
824 2555 1027 2630 flagitiorum
1058 2556 1293 2630 impunitatem
1324 2555 1504 2618 inveniret:
1541 2557 1611 2632 ,Ad
1641 2554 1788 2630 improba

564 2668 725 2743 ,consilia
759 2669 967 2743 assequenda
1001 2669 1056 2743 qui
1092 2684 1187 2744 opem
1224 2685 1244 2730 a
1275 2669 1370 2730 nobis
1399 2670 1496 2746 petit,
1528 2684 1606 2730 eum
1637 2668 1727 2730 ultro
1757 2669 1786 2728 11

566 2781 714 2857 ,malum
748 2782 972 2859 impellimus,
1008 2784 1046 2841 ut
1077 2796 1137 2843 suo
1167 2782 1290 2843 damno
1322 2782 1428 2844 discat
1456 2783 1623 2844 iustitiam
1654 2785 1688 2844 ct
1712 2784 1787 2844 deos

482 2958 488 2970 ,
565 2910 651 2971 ,111
676 2898 924 2957 contemnere.”

605 3010 677 3071 Non
712 3010 802 3071 enim
833 3010 920 3072 male
951 3010 1122 3086 respondit
1151 3013 1286 3089 Apollo:
1319 3012 1517 3086 chremylus
1547 3012 1636 3073 male
1659 3013 1785 3088 rogavit

560 3126 685 3199 deoque
709 3126 779 3200 ipse
802 3126 968 3201 praecepit
992 3125 1155 3198 quomodo
1175 3127 1366 3201 responderi
1385 3126 1449 3187 sibi
1468 3125 1580 3187 vellet.
1604 3126 1785 3202 Xenophon

559 3241 639 3301 olim
671 3255 748 3301 cum
779 3239 952 3300 oraculum
976 3238 1100 3300 Phoebi
1124 3239 1288 3315 Apollinis
1309 3243 1461 3316 rogasset
1484 3240 1561 3314 quid
1584 3241 1648 3300 sibi
1670 3242 1783 3302 facien·

559 3354 638 3415 dum
663 3356 767 3429 esset,
798 3356 836 3414 ut
862 3368 1021 3429 prospera
1044 3354 1178 3414 fortuna
1200 3357 1349 3416 uteretur
1373 3355 1407 3414 11
1428 3355 1547 3416 itinere
1570 3355 1658 3428 quod
1682 3368 1784 3415 susce·

558 3470 678 3544 pturus
709 3469 812 3544 esset,
846 3467 999 3528 Socrates
1030 3466 1177 3528 amioum
1207 3468 1363 3528 iuvenem
1395 3468 1611 3545 vituperavit,
1644 3469 1701 3542 111
1723 3483 1784 3528 111

558 3582 590 3641 11
614 3581 725 3657 111111
749 3583 918 3658 rogasset,
948 3584 1082 3643 essetne
1113 3581 1176 3641 sibi
1198 3581 1280 3642 illud
1303 3582 1367 3642 iter
1389 3583 1636 3657 suscipiendum
1661 3582 1785 3643 necne?

556 3696 684 3755 satisne
715 3693 873 3755 laudabili
904 3694 1041 3755 consilio
1071 3694 1122 3754 vir
1144 3695 1360 3755 Atheniensis
1382 3696 1550 3770 nobilique
1572 3699 1671 3772 gente
1696 3698 1784 3757 ortus

557 3809 699 3884 patriam
730 3808 891 3868 maximis
919 3808 1020 3869 malis
1051 3824 1244 3883 oppressam
1275 3813 1496 3886 aversaretur,
1520 3814 1558 3871 ut
1581 3810 1667 3885 apud
1691 3810 1782 3871 (irae-

558 3937 672 3983 corum
707 3921 821 3982 hostes
855 3921 964 3982 avitos
995 3922 1161 3997 stipendia
1191 3925 1357 3984 mereret?
1387 3924 1505 3984 Plutus
1538 3927 1651 3985 autem
1675 3923 1783 3985 fabula

558 4051 634 4097 cum
658 4035 736 4095 data
759 4037 825 4110 est,
857 4036 887 4094 si
910 4038 1082 4110 superstes
1106 4036 1207 4097 etiam
1232 4037 1353 4098 fuisset
1377 4038 1543 4114 Socrates,
1569 4036 1781 4113 chremylum

557 4151 605 4211 sic
639 4149 803 4225 potuisset
834 4149 1013 4224 corripere:
1046 4149 1128 4225 Quid
1158 4153 1196 4210 tu
1225 4152 1369 4226 petitum
1399 4151 1543 4225 Delphos
1569 4151 1676 4229 ivisti,
1701 4152 1782 4212 scire

556 4272 590 4326 te
624 4265 718 4323 ratus
753 4263 908 4352 videlicet
942 4263 1020 4336 quid
1055 4263 1253 4324 mortalibus
1288 4265 1321 4323 in
1356 4264 1418 4325 hac
1452 4264 1602 4324 vitarit
1635 4264 1781 4325 bonum?

560 4377 682 4453 ,Pilius
713 4392 809 4438 meus
840 4376 1006 4453 probusne
1039 4392 1080 4437 an
1111 4376 1282 4452 improbus
1311 4377 1370 4439 flat
1400 4381 1542 4455 oportet,
1567 4380 1603 4439 ut
1626 4391 1780 4453 prospera

556 4494 670 4551 utatur
693 4491 871 4552 iortuna?”
895 4523 937 4536 -
963 4490 1024 4551 111
1048 4494 1099 4551 111
1123 4491 1208 4565 1111
1232 4493 1331 4553 deum
1356 4493 1499 4567 rogasti;
1528 4493 1653 4555 sedita
1676 4491 1781 4567 rogari

557 4620 622 4665 non
646 4603 719 4665 vult
741 4604 812 4666 illel
846 4604 1030 4680 Respondit
1061 4607 1172 4665 autem
1197 4605 1229 4665 id
1253 4605 1339 4678 quod
1363 4606 1581 4667 conveniebat
1602 4609 1681 4667 tuae
1705 4604 1779 4666 stul·

556 4718 660 4778 titiae.
684 4718 756 4778 Non
777 4718 810 4778 id
834 4717 918 4791 quod
938 4717 1078 4791 rogasti!
1100 4718 1162 4778 Sed
1181 4718 1366 4793 respondit:
1389 4719 1545 4795 ,Plutum
1558 4721 1777 4796 sequere”,-

557 4832 665 4892 inerat
698 4835 812 4892 autem
846 4831 918 4892 eius
950 4830 1077 4891 verbis:
1112 4832 1166 4907 ,ot
1195 4832 1321 4893 malum
1351 4832 1535 4894 invenies’'.
1566 4833 1631 4895 Sed
1654 4832 1776 4893 malum
