4067 5950
537 756 580 818 26
1056 773 1099 818 nn
1122 776 1247 821 roman

537 942 663 1016 minas,
697 942 826 1002 tumido
862 940 1037 1001 verborum
1079 944 1374 1019 incompositorum
1411 947 1559 1005 torrente
1593 944 1671 1002 illuc
1703 957 1772 1016 quo

537 1053 670 1114 volebat
701 1054 823 1114 civium
855 1053 987 1114 animos
1018 1055 1197 1129 abripiens.
1225 1057 1352 1118 Probus
1376 1061 1447 1117 erat
1470 1058 1504 1116 et
1527 1055 1626 1116 iortis
1649 1058 1683 1115 et
1706 1055 1772 1113 sibi

537 1169 709 1241 constans,
741 1165 820 1226 sed.
837 1179 986 1226 ..novus
1010 1171 1082 1228 erat
1105 1169 1219 1243 homo,
1245 1170 1336 1230 nullo
1359 1170 1458 1244 prisci
1482 1168 1628 1228 nominis
1652 1168 1773 1228 decore

537 1282 683 1338 ornatus.
709 1279 770 1339 Hic
793 1279 856 1339 luit
880 1277 979 1338 Cleon
1003 1279 1060 1340 ille
1083 1283 1270 1356 negotiator
1295 1283 1477 1357 coriareus,
1503 1282 1557 1355 qui
1579 1280 1672 1340 cives
1692 1279 1772 1340 belli

538 1393 708 1452 aerumnis
738 1394 840 1454 mersi
871 1394 905 1452 et
934 1392 1128 1467 pestilentia
1157 1396 1362 1456 rarescentes
1392 1396 1428 1455 ut
1451 1394 1616 1468 erigerent
1639 1393 1773 1453 animos

539 1505 658 1580 effecit,
692 1507 799 1580 igneis
823 1506 935 1566 verbis
964 1505 1155 1567 stimulans.
1185 1506 1299 1568 Denuo
1330 1507 1380 1567 eis
1408 1507 1577 1582 persuasit
1605 1504 1678 1566 fieri
1702 1520 1770 1565 non

537 1633 635 1693 posse
664 1621 701 1678 ut
731 1618 888 1679 florerent
916 1620 1069 1680 Athenae
1092 1619 1157 1679 nisi
1182 1620 1357 1681 debellatis
1380 1619 1544 1680 hostibus.
1568 1618 1773 1680 constanter

539 1732 634 1792 modo
669 1734 900 1808 expectarent,
939 1732 1127 1808 superiores
1157 1748 1239 1794 mox
1268 1734 1418 1806 iuturos;
1454 1733 1559 1794 maris
1592 1733 1659 1794 iam
1696 1747 1772 1792 esse

538 1846 705 1919 dominos3
737 1846 962 1907 certissimum
994 1847 1027 1906 id
1058 1861 1114 1907 eos
1144 1848 1258 1907 tenere
1282 1846 1441 1907 victoriae
1471 1846 1608 1921 pignus,
1631 1846 1770 1906 interim

538 1959 567 2018 si
598 1974 662 2033 que
693 1960 782 2034 agris
813 1959 934 2021 Atticis
966 1962 1090 2021 damna
1116 1975 1136 2020 a
1162 1958 1411 2036 populatoribus
1433 1959 1646 2035 inferrentur,
1671 1959 1770 2018 facile

539 2074 862 2149 compensariposse
880 2074 996 2149 lucris,
1018 2090 1103 2148 quae
1121 2074 1317 2149 praeberent
1334 2077 1526 2134 mercatura
1542 2076 1576 2134 et
1587 2073 1770 2147 navigatio.

583 2186 679 2246 Hunc
717 2186 974 2247 Alcmaeonidae
1012 2202 1242 2247 successorum
1283 2187 1551 2247 mordacissimis
1585 2185 1666 2246 iocis
1700 2186 1768 2244 iam

540 2299 703 2372 pet'turus
733 2301 785 2359 est
815 2302 913 2374 poeta
938 2300 1083 2375 iuvenis,
1117 2301 1215 2361 laude
1246 2300 1368 2375 elatus,
1400 2315 1501 2374 quam
1526 2301 1634 2375 prima
1656 2298 1770 2359 iabula

539 2415 625 2488 apud
649 2415 739 2474 cives
761 2413 902 2490 invenit,
924 2416 957 2473 et
978 2414 1018 2474 ab
1040 2414 1159 2474 amicis
1178 2413 1350 2475 incitatus.
1370 2413 1521 2474 Mortuus
1540 2416 1591 2475 est
1612 2413 1769 2487 Pericles,

539 2529 597 2588 sed
629 2529 747 2587 vivunt
782 2528 884 2588 etiam
920 2527 992 2587 eius
1026 2527 1177 2602 consilia,
1212 2527 1346 2601 iamque
1379 2527 1536 2588 inventur
1571 2527 1603 2587 in
1639 2527 1770 2602 pectore

539 2643 709 2702 latratoris
728 2642 834 2716 illiue,
856 2641 912 2715 qui
932 2656 974 2701 err
994 2640 1082 2701 olida
1101 2656 1163 2701 sua
1182 2640 1312 2702 officina
1331 2642 1365 2702 iu
1384 2644 1579 2716 suggestum
1599 2639 1769 2714 publicum

539 2755 728 2831 provolavit
750 2755 897 2815 incultus
922 2758 955 2814 et
977 2755 1160 2831 incomtus,
1184 2754 1281 2815 belua
1304 2770 1367 2815 non
1394 2756 1504 2814 homo.

584 2868 710 2942 Nempe
741 2870 833 2928 aetas
864 2869 1022 2930 iuvenilis
1052 2869 1133 2928 nihil
1161 2869 1287 2929 viribus
1314 2870 1384 2929 suis
1407 2870 1517 2929 maius
1540 2868 1648 2928 ducit:
1672 2870 1770 2943 poeta

540 2999 605 3043 non
639 2983 706 3041 iam
740 2981 827 3041 intra
858 2984 947 3043 vitae
983 2983 1183 3043 domesticae
1217 2980 1314 3058 fines,
1351 2982 1409 3043 sed
1444 2985 1478 3043 iu
1509 2982 1590 3056 ipsis
1621 2982 1769 3042 civitatis

542 3098 691 3169 vitaeque
721 3094 869 3169 publicae
904 3095 1129 3170 penetralibus
1163 3109 1248 3156 nova
1282 3096 1455 3155 hominum
1490 3096 1615 3170 studia,
1652 3095 1771 3170 priscis

542 3209 687 3269 moribus
707 3211 740 3268 et
759 3209 926 3268 institutis
945 3208 1245 3284 perniciosissima,
1267 3210 1419 3269 ostendet
1435 3210 1633 3269 aestuantia.
1656 3208 1769 3269 Osten-

540 3324 595 3383 det
614 3322 801 3382 cuiusmodi
825 3322 893 3381 sint
915 3322 1000 3381 bona
1023 3322 1081 3382 illa
1100 3338 1203 3397 nuper
1227 3323 1336 3397 parta,
1361 3322 1546 3383 cuiusmodi
1569 3322 1614 3381 sit
1636 3322 1772 3382 libertas

491 3488 493 3493 .
540 3439 611 3512 illa,
632 3451 696 3509 qua
716 3436 750 3494 et
768 3435 832 3508 ipsi
850 3435 1003 3495 iruantur
1022 3435 1245 3495 Athenienses
1262 3436 1296 3493 et
1313 3436 1422 3495 socios
1441 3449 1522 3495 snos
1538 3434 1604 3494 irui
1621 3434 1770 3507 iubeant,

540 3552 627 3610 ferro
662 3548 822 3623 coacturi,
856 3549 884 3607 si
912 3548 997 3608 iorte
1027 3550 1075 3608 ita
1104 3548 1199 3608 liberi
1230 3563 1304 3607 esse
1336 3548 1448 3608 minus
1479 3549 1624 3622 cupiant.
1657 3549 1771 3608 Nonne
1811 3584 1814 3589 -

541 3679 644 3739 nuper
675 3678 758 3737 quae
791 3662 955 3722 deiecerat
985 3662 1261 3736 Mitylenaeorum
1286 3663 1419 3736 civitas,
1445 3664 1522 3737 post
1545 3677 1682 3722 saevum
1708 3676 1770 3720 cer·

541 3784 655 3837 tamen
679 3777 817 3849 deiecta,
833 3754 971 3837 excidio
995 3792 1056 3836 suo
1079 3778 1188 3836 totam
1212 3776 1383 3836 Graeciam
1407 3777 1645 3837 concusserat?
1665 3774 1773 3835 lienus

542 3896 654 3950 autem
686 3904 784 3949 casus
811 3893 892 3949 tunc
916 3888 1071 3950 effecerat
1096 3892 1132 3949 ut
1156 3889 1335 3949 clementia
1357 3889 1580 3950 Athenienses
1603 3891 1774 3949 uterentur

542 4019 620 4077 erga
642 4002 795 4061 homines
817 4003 1119 4077 pervicacissimos,
1145 4003 1200 4076 qui
1219 4000 1416 4062 beneficium
1436 4002 1577 4063 foederis
1597 4018 1672 4063 cum
1692 4002 1773 4076 ipsis

542 4117 615 4175 initi
648 4116 909 4190 vilipendissent.
941 4116 1047 4177 Penes
1080 4115 1235 4176 Cleonem
1263 4116 1293 4174 si
1315 4115 1436 4176 luisset
1458 4116 1506 4176 rei
1530 4116 1716 4190 arbitrium,
1741 4115 1773 4173 in

543 4244 659 4289 omnes
686 4229 817 4289 adultos
847 4246 925 4289 ense
949 4231 1221 4289 animadversum
1246 4230 1335 4289 esset
1357 4229 1534 4302 nullusque
1556 4230 1623 4289 iam
1648 4229 1775 4287 viveret

544 4342 761 4416 Mitylenaeus
784 4343 839 4415 qui
863 4343 1018 4418 populare
1042 4342 1296 4403 Atheniensium
1317 4342 1495 4416 imperium
1519 4342 1670 4402 laudibus
1694 4339 1775 4400 cele·

546 4458 639 4514 brare
658 4456 782 4528 posset.
809 4454 915 4529 Nunc,
943 4455 1061 4515 ultimo
1085 4455 1174 4514 enim
1198 4454 1360 4529 temporis
1383 4455 1523 4515 articulo
1547 4452 1778 4529 praevaluerat

546 4568 713 4627 sententia
742 4567 862 4641 mitior,
891 4567 915 4626 ii
939 4568 1013 4641 soli,
1039 4582 1177 4639 quorum
1201 4567 1334 4641 gravior
1357 4582 1455 4640 quam
1481 4570 1666 4627 ceterorum
1691 4566 1774 4625 vide·

549 4681 646 4739 batur
677 4681 786 4756 culpa,
823 4681 994 4740 interemti
1029 4684 1137 4755 erant,
1173 4679 1293 4739 ceteris
1326 4680 1413 4740 bona
1447 4679 1518 4740 sola
1548 4682 1675 4754 erepta,
1707 4679 1776 4737 vita

549 4793 683 4867 relicta,
712 4795 825 4866 itaque
857 4794 890 4851 in
921 4792 993 4851 suis
1023 4795 1078 4866 qui
1100 4793 1235 4854 fuerant
1258 4793 1347 4866 agris
1370 4793 1509 4868 operarii
1532 4794 1600 4853 iam
1623 4791 1778 4852 vivebant
