4067 5950
638 813 811 862 ικοεετετι
833 817 876 862 οτι
899 816 1074 863 cononum.
1403 802 1463 863 197

232 987 394 1074 κωμῳδίας
428 986 462 1048 τὸ
495 985 551 1064 μέν
581 984 662 1047 έστιν
691 984 833 1067 ἀρχαῖον,
862 986 895 1049 τὸ
918 984 952 1049 δέ
981 987 1068 1065 νέον,
1091 987 1125 1050 τὸ
1149 984 1183 1050 δέ
1204 986 1305 1066 μέσον.
1330 987 1468 1068 διαφέρει

233 1094 289 1163 οὸν
318 1111 372 1182 τῆς
402 1099 474 1175 νέας
504 1098 524 1180 ἡ
554 1100 670 1162 παλαιά
700 1102 843 1189 κωμῳδία
869 1103 977 1189 χρόνῳ,
1000 1100 1154 1189 διαλέκτῳ,
1177 1101 1251 1187 ὕλη,
1273 1100 1379 1189 μέτρῳ,
1401 1104 1467 1164 δια-

234 1226 339 1301 σκευῇ.
369 1216 469 1301 χρόνῳ
495 1213 565 1294 μέν,
587 1214 669 1277 καθὸ
691 1211 712 1295 ἡ
735 1213 791 1295 μὲν
814 1215 868 1278 νέα
892 1215 939 1278 έπλ
962 1218 1157 1296 Ἀλεξάνδρου
1180 1208 1233 1296 ἦν,
1255 1213 1275 1295 ἡ
1299 1212 1332 1279 δέ
1354 1216 1468 1278 παλαιά

232 1328 279 1391 ἐπὸ
304 1338 366 1391 τῶν
395 1334 694 1410 Πελοποννησιακῶν
725 1324 782 1410 εἶχε
814 1329 870 1410 τὴν
893 1328 1003 1411 ἀκμήν,
1027 1329 1172 1416 διαλέκτῳ
1196 1330 1243 1411 δέ,
1265 1330 1347 1393 καθὸ
1369 1327 1389 1410 ἡ
1412 1328 1467 1410 μέν

231 1443 284 1505 νέα
321 1443 355 1506 τὸ
386 1442 572 1526 σαφέστερον
603 1443 684 1525 ἔσχε,
710 1455 747 1530 τη
777 1443 832 1529 νέῳ
854 1443 1022 1527 κεχρημένη
1046 1446 1174 1525 Ἀτθίδι,
1201 1441 1221 1524 ἡ
1244 1442 1278 1507 δὸ
1296 1443 1410 1507 παλαιὰ
1433 1444 1466 1508 τὸ

232 1558 336 1619 δεινὸν
363 1556 416 1619 καλ
434 1557 557 1637 ὑψηλὸν
576 1567 630 1620 τοιλ
653 1557 755 1640 λόγου·
778 1556 874 1621 ένίοτε
898 1555 931 1621 δέ
953 1557 1006 1620 καλ
1029 1558 1240 1638 ἐπιτηδεύουσι
1260 1557 1353 1634 λέξεις
1376 1558 1467 1633 τινάς.

231 1672 289 1756 όλη
323 1669 367 1749 δέ,
401 1671 513 1736 (καθὸ
540 1668 560 1750 ἡ
590 1669 645 1750 μὸν
668 1670 723 1733 νέα
746 1671 872 1753 ἀληθεῖς
895 1672 952 1753 ἔχει
974 1671 1027 1746 τὰς
1051 1671 1227 1750 ὑποθέσεις,
1254 1669 1274 1752 ἡ
1297 1670 1331 1734 δέ
1353 1671 1468 1734 παλαιά

234 1785 291 1847 οὐκ
323 1785 458 1866 ἀληθεῖς.
489 1784 585 1872 μέτρῳ
614 1784 690 1865 δέ,>
710 1781 731 1858 1)
763 1787 845 1848 καθὸ
875 1783 895 1866 ἡ
927 1783 982 1865 μὸν
1005 1785 1060 1848 νέα
1083 1798 1123 1872 τῳ
1145 1787 1275 1871 ἰαμβικῷ
1299 1785 1394 1874 μέτρῳ
1419 1786 1468 1849 έπί

233 1906 373 1962 πλεῖστον
398 1908 519 1981 χρῆται,
544 1901 678 1974 σπανίως
702 1897 736 1961 δέ
758 1899 810 1962 καλ
833 1898 945 1980 ἑτέροις
967 1899 1099 1981 μέτροις,
1122 1912 1159 1987 τῇ
1182 1898 1216 1963 δέ
1238 1904 1353 1985 παλαιᾳ
1375 1906 1469 1963 πολυ-

233 2014 338 2095 μετρία
369 2012 402 2075 τὸ
433 2014 689 2094 σπουδαζόμενον.
714 2016 859 2100 διασκευῇ
883 2012 930 2094 δέ,
953 2015 998 2077 ότι
1021 2014 1054 2077 έν
1078 2011 1133 2093 μὲν
1156 2026 1191 2101 τῇ
1214 2014 1268 2099 νέιγ
1290 2025 1387 2097 χορῶν
1411 2015 1468 2077 οὐκ

236 2128 310 2207 ἔδει,
333 2127 367 2190 έν
386 2127 486 2214 ἐκείνη
510 2126 544 2189 δέ
565 2126 617 2190 καλ
636 2129 772 2207 μάλιστα.
796 2126 847 2189 καί
865 2127 943 2207 αὐτὸ
963 2125 1037 2207 δὸὴ
1060 2128 1174 2190 παλαιά
1193 2127 1302 2208 ἑαυτῆς
1323 2127 1468 2209 διαφέρει.

233 2242 283 2303 καὶ
316 2242 374 2324 γάρ
406 2242 439 2305 οί
465 2240 499 2304 έν
527 2253 563 2328 τῇ
597 2248 710 2328 Ἀττικῇ
740 2252 860 2322 πρῶτον
890 2243 1113 2323 συστησάμενοι
1142 2242 1175 2304 τὸ
1206 2241 1388 2322 ἐπιτήδευμα
1415 2250 1467 2321 τῆς

233 2357 395 2443 κωμῳδίας
419 2391 461 2399 -
485 2348 565 2436 ἦσαν
596 2352 630 2417 δέ
660 2356 690 2417 οί
716 2355 785 2438 περλ
814 2356 1016 2436 Σουσαρίωνα
1042 2391 1082 2401 -
1106 2355 1141 2417 τδι
1163 2355 1311 2435 πρόσωπα
1335 2353 1468 2429 ἀτάκτως

235 2471 375 2553 είσῆγον,
403 2469 456 2532 καλ
484 2469 577 2553 γέλως
608 2462 648 2550 ἦν
679 2470 771 2549 μόνος
802 2470 834 2531 τὸ
865 2468 1171 2548 κατασκευαζόμενον.
1201 2468 1411 2550 ἐπιγινόμενος
1435 2464 1468 2530 δέ

238 2588 389 2665 Κρατῖνος
423 2582 583 2664 κατέστησε
614 2581 670 2662 μὸν
699 2592 820 2664 πρῶτον
849 2582 885 2644 τὰ
915 2582 948 2645 έν
976 2593 1012 2668 τῇ
1042 2583 1186 2670 κωμῳδίιγ
1212 2583 1360 2663 πρόσωπα
1384 2581 1469 2663 μέχρι

236 2709 342 2780 τριῶν,
365 2698 477 2777 στήσας
500 2696 555 2776 τὴν
578 2696 720 2776 ἀταξίαν,
738 2695 789 2758 καλ
808 2708 849 2782 τῷ
866 2697 998 2779 χαρίεντι
1016 2705 1070 2776 τῆς
1088 2697 1248 2783 κωμῳδίας
1267 2697 1301 2758 τὸ
1314 2693 1466 2774 ὠφέλιμον

237 2812 410 2894 προσέθηκε
444 2809 516 2885 τοὸς
549 2820 650 2885 κακῶς
684 2811 876 2890 πράσσοντας
911 2810 1084 2891 διαβάλλων
1118 2808 1169 2871 καλ
1202 2810 1301 2892 ὥσπιρ
1336 2810 1467 2894 δημοσίῳ

238 2928 357 3010 μάστιγι
381 2935 418 3012 τῇ
439 2925 585 3011 κωμῳδίᾳ
607 2924 751 2998 κολάζων.
781 2918 843 2986 ἀλλ’
868 2923 911 2987 ἔτι
933 2920 989 3003 μὸν
1012 2922 1064 2986 καλ
1087 2915 1175 2998 οὗτος
1198 2932 1250 3004 τῆς
1273 2921 1467 3005 ἀρχαιότητος

238 3048 348 3122 μετεῖχε
378 3039 431 3104 καί
460 3039 557 3121 ι’γρέμα
587 3062 652 3114 πως
682 3049 736 3120 τῆς
758 3039 891 3115 ἀταξίας.
915 3038 932 3102 ὸ
955 3039 1059 3119 μέντοι
1080 3063 1113 3122 γε
1136 3040 1352 3123 Ἀριστοφάνης
1375 3045 1467 3118 μεθο-

238 3157 349 3229 δεύσας
380 3155 591 3237 τεχνικώτερον
614 3152 669 3233 τὴν
691 3156 856 3241 κωμῳδίαν
878 3153 911 3216 έν
933 3149 1063 3240 ταύτηέ)
1087 3151 1276 3232 ἀνέλαμψεν,
1298 3151 1331 3214 έν
1354 3151 1467 3212 ἅπασιν

239 3267 383 3348 ἐπίσημος
405 3270 522 3346 φανείς.

286 3377 339 3453 δ’)
370 3379 404 3444 δέ
432 3381 525 3464 γέλως
554 3392 607 3462 τῆς
629 3382 790 3468 κωμῳδίας
813 3380 847 3442 ἔκ
869 3405 900 3444 τε
922 3380 1031 3456 λέξεων
1053 3379 1103 3442 καί
1127 3381 1311 3462 πραγμάτων
1334 3378 1391 3459 ἔχει
1413 3377 1468 3456 την

241 3498 391 3558 σόστασιν.
422 3497 456 3558 ἐκ
486 3493 541 3574 μὲν
569 3505 630 3558 τῶν
659 3494 768 3570 λέξεων
791 3495 866 3556 κατὰ
889 3495 1021 3575 τρόπους
1044 3493 1126 3556 έπτά.
1149 3504 1270 3577 πρῶτον
1293 3489 1362 3555 καθ’
1389 3491 1467 3571 δμω-

240 3613 368 3691 νυμίαν,
402 3610 443 3685 ιὸς
478 3611 511 3673 τὸ
542 3612 561 3672 δ
569 3609 901 3690 ιαφορουμένοις·
934 3611 1075 3690 σημαίνει
1105 3609 1161 3691 γάρ
1192 3609 1225 3671 τό
1255 3631 1285 3670 τε
1308 3608 1467 3688 διαφόροις

240 3718 308 3786 οὸσι
329 3724 382 3788 καλ
402 3724 436 3787 τὸ
459 3724 625 3805 έπικερδέσι
638 3718 673 3803 ⁴),
695 3726 837 3804 δεύτερον
860 3723 935 3785 κατὰ
959 3724 1173 3802 συνωνυμίαν,
1196 3720 1236 3796 ὡς
1258 3722 1292 3784 τὸ
1320 3722 1399 3801 ἥκω
1430 3743 1467 3781 τι

242 3839 304 3900 καὶ
333 3837 575 3920 κατέρχομαι
594 3835 628 3916 ⁵),
658 3837 771 3900 ταυτὸν
802 3839 859 3920 γάρ
891 3837 960 3899 ἐστι.
991 3840 1091 3917 τρίτον
1114 3836 1191 3898 κατὰ
1214 3835 1404 3916 ἀδολεσχίαν,
1427 3833 1467 3907 ὡς

244 3953 314 4014 ὅταν
342 3977 387 4029 τις
417 3965 458 4038 τῳ
489 3953 571 4037 αὐτῷ
601 3950 727 4031 όνόμαιι
757 3953 901 4026 πολλάκις
928 3952 1083 4032 χρήσηται.
1112 3950 1251 4031 τέταρτον
1285 3948 1361 4011 κατὰ
1392 3971 1466 4027 παρ-

245 4068 395 4147 ωνυμίαν,
428 4065 469 4140 ὡς
508 4066 580 4128 ὅταν
617 4078 657 4151 τῷ
695 4067 790 4151 κυρίῳ
826 4063 942 4140 ἔξωθέν
978 4088 1006 4126 τι
1045 4065 1252 4145 προσάπτηται
1282 4059 1323 4142 ⁶),
1361 4059 1401 4135 ὡς
1435 4065 1468 4122 τὸ

278 4387 297 4450 ¹)
313 4391 350 4438 Do
366 4391 463 4438 lacuna
479 4389 514 4436 ο1.
532 4401 611 4450 τηρεε
628 4402 690 4450 pag.
710 4390 767 4446 188,
787 4391 810 4436 8.

279 4467 298 4526 ’J
315 4474 338 4516 λι
353 4470 440 4532 ταύτῃ]
457 4477 504 4516 τοι
520 4470 574 4527 μα’
594 4474 678 4517 lamo
695 4467 789 4517 Kaibol
805 4483 837 4516 ex
855 4470 978 4528 excerpto
996 4467 1068 4526 quod
1084 4466 1164 4514 habet
1177 4466 1210 4523 V;
1228 4466 1262 4512 of.
1277 4477 1337 4524 pag.
1352 4465 1400 4512 181
1415 4464 1429 4522 ὅ
1445 4465 1471 4511 4.

279 4544 300 4610 3)
317 4551 386 4606 Qum
403 4548 431 4595 in
448 4548 464 4608 5
482 4549 513 4596 11
531 4562 570 4608 ιη.
587 4548 711 4608 leguntur
729 4551 820 4595 extant
835 4546 916 4596 etiam
932 4546 961 4593 in
978 4547 1069 4594 codiee
1087 4547 1116 4607 V,
1134 4558 1212 4604 supr:
1229 4556 1288 4604 pag.
1308 4545 1356 4591 188
1374 4543 1469 4603 51-8

249 4631 275 4675 οι
291 4629 401 4687 (omissis
418 4628 558 4688 exemplis)
574 4628 601 4674 in
619 4629 750 4688 οτοοερτίε
769 4628 802 4675 de
819 4628 894 4688 poesi
911 4627 1045 4685 εοευίοεξ
1063 4627 1077 4672 8
1095 4638 1155 4685 pag.
1173 4625 1229 4671 198.

282 4703 304 4765 ⁴)
320 4708 485 4768 Oorruptum.
502 4708 533 4755 In
551 4711 675 4767 excerpto
691 4705 813 4755 breviore
831 4720 898 4766 quae
914 4706 1038 4765 leguntur
1055 4716 1138 4762 noque
1155 4703 1267 4750 obseura
1285 4702 1353 4749 nunt.

283 4783 303 4844 ⁶)
317 4789 378 4834 Bm.
397 4788 463 4835 1188
481 4800 539 4847 sqq.

283 4862 303 4924 ⁹)
317 4864 510 4932 *nqwdnmoecl
527 4869 671 4926 κατάθηται
688 4863 727 4912 Of.
745 4879 805 4926 ρας.
824 4867 881 4924 188,
898 4867 923 4913 8.
