4067 5950
1114 1081 1153 1142 V.

567 1274 677 1334 Mense
710 1271 886 1332 Februario
917 1271 995 1330 anni
1026 1272 1106 1344 425,
1134 1269 1223 1330 ludis
1253 1271 1405 1345 Ledaeis,
1438 1286 1560 1331 novam
1584 1269 1755 1342 tabulam,

522 1403 620 1462 quam
641 1386 856 1445 Acburncneee
878 1386 975 1458 poeta
999 1385 1145 1459 vocavit,
1172 1382 1385 1444 Callistratus
1412 1399 1473 1445 suo
1500 1385 1635 1445 nomine
1658 1383 1758 1443 dedit

522 1503 711 1577 primasque
735 1499 768 1558 in
793 1512 832 1558 ea
854 1492 924 1572 e'git
946 1500 1072 1573 partes.

567 1612 709 1674 Fabulae
732 1611 826 1671 initio
851 1610 1033 1685 adspicitur
1055 1610 1164 1687 Pnyx,
1189 1611 1246 1671 ubi
1267 1611 1376 1686 hodie,
1401 1626 1493 1672 more
1512 1612 1627 1686 solito,
1651 1610 1754 1669 hahe-

523 1728 609 1786 bitur
632 1725 743 1800 populi
765 1724 889 1784 concio.
914 1723 1121 1784 Habebitur?
1143 1726 1248 1786 immo
1271 1725 1394 1785 dudum
1416 1728 1566 1800 coeptam
1587 1724 1756 1800 oportuit,

524 1854 601 1898 nam
632 1839 739 1913 prima
768 1838 840 1898 luce
871 1852 982 1897 rernm
1006 1837 1212 1910 publicarum
1236 1839 1369 1898 initium
1393 1836 1465 1898 fieri
1487 1839 1579 1899 iubet
1601 1853 1689 1912 mos,
1716 1838 1756 1896 et

524 1952 623 2011 altius
653 1952 721 2010 iam
750 1951 785 2010 in
809 1950 938 2010 caelum
963 1949 1137 2011 adscendit
1160 1951 1220 2012 sol.
1244 1951 1511 2012 Ardentissimus
1533 1952 1653 2027 quippe
1677 1953 1755 2010 esto

525 2066 651 2125 civibus
681 2065 942 2125 Atheniensibus
973 2080 1067 2127 amor
1097 2067 1240 2140 patriae:
1268 2069 1471 2127 nontamen
1495 2068 1687 2126 tantusest
1712 2067 1756 2122 ut

525 2181 582 2238 aut
613 2181 713 2239 ceteri
743 2182 801 2239 aut
831 2179 1050 2253 magistratus
1083 2179 1171 2240 iusto
1202 2183 1353 2254 tempore
1383 2180 1499 2240 adesse
1523 2179 1642 2238 velint:
1666 2179 1754 2238 lucri

526 2292 678 2352 videlicet
700 2292 782 2351 nihil
806 2293 933 2352 faciunt
957 2293 1012 2365 qui
1036 2293 1160 2353 adsunt
1183 2293 1342 2353 concioni.

568 2407 662 2466 Unus
685 2407 797 2465 tamen
820 2406 916 2466 adest
938 2405 1146 2482 Dicaeopolis
1168 2407 1297 2466 mediae
1317 2407 1437 2466 aetatis
1457 2406 1549 2466 civis.
1571 2407 1752 2465 Aratorem

527 2534 647 2578 vocare
682 2534 719 2578 se
754 2519 895 2594 solebat,
932 2521 1124 2580 etiamnunc
1157 2536 1275 2599 vocare
1306 2536 1343 2580 se
1374 2519 1489 2595 vellet,
1517 2551 1560 2561 -
1592 2521 1622 2578 si
1652 2519 1753 2578 modo

526 2634 616 2692 esset
650 2632 736 2704 quod
771 2634 895 2708 araret,
931 2634 988 2693 sed
1024 2634 1170 2693 dirutum
1204 2637 1256 2694 esi
1290 2633 1471 2709 praedium.
1507 2632 1646 2692 Sextum
1677 2633 1747 2692 iam

526 2761 650 2805 aunum
682 2759 757 2805 cum
788 2744 859 2804 suis
889 2746 1048 2820 transigit
1071 2747 1160 2807 intra
1182 2748 1272 2806 urbis
1295 2747 1436 2806 moenia.
1460 2745 1599 2805 Sextum
1624 2760 1751 2805 annum

526 2859 669 2919 scilicet}
702 2857 776 2918 Illic
806 2857 892 2916 situs
922 2859 974 2918 est
1004 2859 1075 2918 eius
1105 2861 1225 2934 pagusl
1257 2859 1319 2920 Hic
1342 2860 1426 2934 quod
1451 2860 1616 2933 agatnen
1640 2858 1752 2916 habet.

528 2971 690 3047 Quorsum
715 2971 816 3031 eiiam
841 2971 871 3031 ei
894 2970 987 3032 vita?
1010 2974 1099 3033 hiera
1121 2974 1231 3033 taedia
1254 2977 1287 3033 et
1306 2988 1482 3033 aerumnas
1501 2971 1645 3032 afferunt
1661 2970 1753 3044 longi

526 3086 607 3145 dies.
649 3085 743 3145 Nunc
782 3099 912 3158 quoqne
953 3085 1443 3159 stomachatur...numquam
1488 3087 1648 3146 nimirum
1684 3098 1751 3144 non

527 3215 601 3259 sero
625 3200 714 3259 venit
737 3199 904 3259 desidiosa
926 3214 1008 3273 gens
1031 3199 1175 3272 urbana;
1200 3215 1275 3259 rure
1297 3201 1465 3261 maturius
1487 3199 1648 3272 surgitur!

571 3311 617 3370 En
642 3312 776 3371 tandem
801 3296 940 3386 denique
964 3314 1085 3373 adsunt
1107 3316 1280 3389 prytanea,
1310 3314 1442 3387 iamque
1465 3312 1590 3373 sensim
1615 3310 1752 3371 confluit

527 3425 676 3499 populus.
718 3425 771 3484 Fit
807 3427 974 3486 concionis
1007 3427 1158 3499 initium;
1199 3427 1273 3487 dein
1308 3427 1564 3487 introducuntur
1598 3424 1700 3498 legati
1732 3438 1751 3482 e

527 3538 640 3597 Persia
673 3552 775 3612 nuper
811 3540 946 3599 reversi.
981 3538 1047 3599 Vix
1078 3540 1180 3599 eredit
1214 3540 1287 3599 suis
1318 3539 1451 3600 auribus
1480 3538 1695 3613 Dicaeopolis.
1725 3536 1750 3595 Ε

527 3651 663 3711 Persia?
692 3650 819 3725 Ergone
851 3653 988 3712 vesania
1010 3654 1152 3728 correpti
1175 3657 1257 3713 sunt
1279 3652 1516 3727 Athenienses,
1540 3652 1596 3725 qui
1618 3652 1751 3711 hostem

529 3766 657 3825 avitum
682 3799 721 3809 —
748 3782 812 3826 non
843 3768 959 3827 stricto
991 3766 1099 3841 gladio
1131 3769 1266 3842 adeant,
1298 3767 1354 3827 sed
1387 3766 1482 3825 vultu
1513 3766 1601 3825 comi
1623 3767 1657 3824 et
1678 3763 1751 3823 sub·

528 3878 647 3955 misso,
679 3894 835 3939 nummos
864 3880 990 3940 scilicet
1022 3881 1063 3941 ab
1095 3897 1132 3941 eo
1163 3881 1409 3955 efflagitantes?
1436 3880 1525 3940 Eone
1554 3879 1655 3953 igitur
1684 3878 1750 3937 iam

528 3993 725 4065 perventum
768 3996 832 4068 est,
877 3996 914 4052 ut
950 3994 1149 4054 Artaxerxis
1183 3997 1216 4053 et
1251 3995 1459 4067 satraparum
1502 4007 1619 4052 aurum
1659 4006 1752 4066 appe·

528 4108 602 4165 tant
631 4106 817 4180 Spartiatae
848 4107 1124 4182 Atheniensibus,
1165 4107 1385 4167 Athenienses
1420 4106 1596 4180 Spartiatis
1625 4104 1750 4164 malum

529 4221 723 4279 struentes?

543 4381 546 4386 .
574 4331 687 4391 Altera
709 4347 821 4392 coram
846 4335 966 4408 populo
995 4336 1180 4407 senatuque
1201 4334 1309 4407 prodit
1331 4333 1466 4407 legatio,
1491 4346 1573 4406 quae
1593 4347 1612 4391 a
1632 4331 1751 4391 Sitaloe

530 4445 733 4520 Odrysarum
769 4461 845 4520 rege
880 4446 1020 4505 adduxit
1053 4446 1189 4506 auxilia.
1225 4447 1289 4504 Ain
1322 4446 1426 4505 vero?
1461 4444 1594 4504 Auxilia
1624 4460 1643 4503 a
1672 4443 1752 4503 feris

529 4559 797 4632 immanibusque
829 4560 905 4618 istis
936 4558 1110 4633 Rhodopes
1132 4560 1274 4620 incolis?
1305 4559 1477 4633 Stipendia
1501 4575 1517 4617 a
1543 4572 1619 4631 rege
1642 4556 1751 4617 barba-

530 4686 640 4732 rorum
665 4673 890 4747 orientalium,
916 4671 1083 4731 auxiliaa
1113 4673 1449 4747 septentrionalium?
1481 4672 1646 4747 Quantum
1670 4673 1756 4733 foret

530 4786 656 4859 patriae
680 4787 842 4846 dedecus.
858 4830 864 4845 .
880 4787 964 4846 ,nisi
987 4801 1081 4845 mera
1100 4788 1271 4847 mendacia
1290 4788 1370 4847 haec
1389 4793 1503 4847 essent
1521 4786 1646 4846 omnia!
1669 4785 1752 4845 Nam
