4067 5950
732 780 812 823 VITA
836 779 875 822 iti*
899 777 1068 822 ornamus

468 950 595 1025 „Paene
616 950 787 1012 interemit
809 950 1018 1010 suffocatum.
1043 949 1106 1009 Pro
1129 948 1249 1024 pudori

470 1064 615 1139 „Hocine
636 1065 832 1126 facetiarum
856 1065 941 1138 apud
965 1077 1027 1122 vos
1049 1062 1234 1137 praemium
1258 1061 1355 1121 est?’'

335 1292 427 1366 Ignis
461 1292 494 1350 in
529 1292 605 1366 igne
639 1292 704 1351 iuit
735 1290 790 1351 illa
826 1289 1058 1351 comminatio:
1090 1290 1219 1364 egregie
1249 1289 1440 1364 indignatus
1468 1291 1520 1349 est

288 1407 387 1480 poeta
422 1403 609 1464 libertatem
645 1403 774 1464 dicendi
808 1403 842 1461 iu
873 1401 976 1462 libera
1006 1402 1264 1463 Atheniensium
1299 1402 1435 1463 civitate
1472 1402 1520 1461 sic

289 1532 488 1592 repressam.
512 1516 640 1590 Ergone
666 1515 769 1574 vetari
793 1515 883 1574 cives
914 1515 991 1588 quid
1020 1518 1196 1575 censerent
1218 1515 1329 1590 palam
1352 1515 1519 1589 proloqui,

289 1632 320 1690 si
356 1629 421 1691 alia
455 1632 629 1690 censerent
662 1643 762 1702 quam
797 1628 846 1688 illi
882 1629 968 1704 apud
1004 1643 1088 1703 quos
1119 1644 1254 1689 summa
1284 1634 1375 1689 esset
1408 1644 1519 1689 rerum

289 1746 456 1818 potestas!
483 1743 520 1803 In
546 1741 779 1802 sodaliciorum
803 1741 931 1801 scilicet
954 1742 1125 1801 conclavia
1152 1743 1406 1817 confugiendum
1431 1757 1519 1815 esse,

289 1861 328 1917 ut
352 1856 463 1917 verbis
486 1856 612 1930 apertis
635 1856 707 1915 sine
731 1855 876 1930 periculo
901 1855 1082 1930 vituperari
1101 1859 1214 1930 posset
1233 1856 1373 1931 populus
1391 1857 1424 1916 in
1443 1854 1520 1915 ficta

290 1971 516 2031 dominatione
548 1969 685 2030 ducibus
716 1968 877 2043 improbis
908 1967 1028 2029 stolide
1058 1969 1235 2030 oboediens
1265 1972 1299 2030 et
1322 1970 1355 2029 in
1379 1970 1519 2044 impium

291 2084 416 2143 bellum
447 2083 536 2142 trudi
567 2098 603 2142 se
636 2082 765 2154 sinere,
793 2115 833 2124 -
858 2081 984 2142 fraudis
1011 2095 1143 2156 semper
1166 2082 1288 2156 aliquid
1312 2083 1518 2157 suspicatus,

292 2197 429 2256 interim
459 2197 679 2269 impostorum
710 2194 891 2254 mendaciis
919 2194 1030 2268 inepte
1053 2196 1224 2269 credulus;
1249 2197 1367 2270 priscis
1390 2195 1521 2271 placitis

293 2311 340 2368 ita
363 2307 491 2369 diffisus
515 2313 552 2367 ut
575 2322 697 2368 novam
721 2307 905 2381 quamlibet
927 2307 1080 2368 fraudem
1104 2309 1200 2369 avide
1222 2310 1405 2384 appeteret,
1430 2312 1464 2368 et
1486 2308 1519 2367 in

292 2422 432 2483 meliora
457 2422 538 2481 eniti
562 2423 639 2480 dum
661 2421 725 2481 sibi
745 2421 885 2495 videtur,
907 2423 996 2480 retro
1016 2436 1150 2497 semper
1167 2426 1202 2483 et
1220 2423 1374 2483 deorsum
1396 2421 1520 2482 labens.

292 2535 365 2594 Non
396 2536 426 2594 is
457 2536 528 2594 erat
551 2534 790 2608 Aristophanes
813 2533 868 2607 qui
891 2549 911 2593 a
934 2533 1110 2595 Cleonibus
1133 2550 1171 2595 os
1193 2536 1258 2596 sihi
1280 2536 1408 2596 occludi
1432 2537 1517 2611 pate·

291 2650 394 2722 retur,
427 2647 505 2707 sed:
535 2647 642 2722 „haud
674 2647 832 2721 impune”
860 2644 1020 2706 clamavit
1045 2647 1123 2722 ‚isti
1145 2648 1253 2708 ferent
1275 2650 1404 2708 tantam
1429 2648 1519 2720 igno·

291 2761 433 2820 miniam
457 2761 548 2835 operi
570 2775 646 2820 meo
670 2760 839 2819 illataml”

337 2873 449 2935 Sensit
471 2878 586 2934 tamen
612 2907 652 2916 -
680 2874 758 2933 licet
781 2873 899 2932 amicis
918 2872 1102 2947 praefracte
1122 2873 1366 2950 obloqueretur,
1387 2875 1516 2947 siquod

289 2989 454 3049 eiusmodi
485 2989 524 3049 ab
554 2989 596 3048 iis
627 2988 690 3047 sihi
721 2988 854 3048 daretur
885 2986 1075 3059 consilium,
1102 2988 1264 3063 -paulo
1296 2990 1426 3049 cautius
1452 2988 1515 3049 sibi

290 3102 469 3177 agendum.
500 3100 611 3175 Neque
638 3100 728 3160 enim
752 3101 997 3161 commissurus
1022 3103 1093 3159 erat
1116 3098 1329 3163 Callistratus
1352 3105 1390 3162 ut
1412 3103 1519 3162 denuo

290 3216 475 3276 incuriam
501 3216 681 3289 vocaretur,
706 3228 811 3286 neque
835 3213 864 3274 si
896 3212 1072 3273 cuiuslibet
1098 3214 1256 3273 audaciae
1278 3216 1444 3290 interpres
1467 3216 1520 3276 hio

292 3344 367 3390 esse
398 3328 573 3401 voluisset,
611 3328 687 3387 novi
722 3328 941 3401 magistratus
976 3330 1045 3387 tam
1078 3327 1205 3402 faciles,
1237 3343 1336 3401 quam
1367 3330 1518 3404 proximo

291 3458 380 3504 anno
409 3443 518 3502 iuerat
545 3441 663 3501 Euoles
693 3441 829 3516 archon,
855 3456 891 3501 se
915 3440 1106 3515 praestituri
1129 3444 1223 3501 erant
1246 3443 1279 3500 in
1303 3443 1519 3503 admittendis

291 3557 364 3615 sive
387 3555 530 3615 aliorum
555 3556 727 3628 poetarum
752 3553 954 3613 comicorum
978 3552 1101 3612 fabulis
1123 3554 1196 3613 sive
1214 3552 1394 3615 Callistrati
1414 3555 1517 3629 illius,

291 3668 353 3729 sub
384 3669 478 3728 cuius
512 3668 646 3727 nomine
680 3668 813 3727 latitare
849 3666 1109 3741 Aristophanem
1144 3683 1242 3728 nemo
1275 3670 1342 3728 iam
1376 3670 1518 3729 Athenis

292 3782 472 3843 nesciebat.

336 3895 549 3955 Innocentius
579 3894 680 3969 igitur
710 3896 810 3968 poeta
840 3894 968 3967 quaerit
999 3894 1129 3954 fabulae
1158 3899 1395 3970 argumentum
1420 3897 1519 3969 quod·

292 4024 353 4082 que
386 4008 496 4068 verbis
527 4007 637 4067 minus
669 4007 796 4067 acerbis
827 4008 933 4082 possit
963 4009 1109 4068 tractari.
1140 4008 1212 4068 Non
1239 4009 1307 4070 iam
1337 4024 1420 4082 quae
1450 4009 1518 4068 odit

291 4123 515 4181 insectaturus
546 4122 609 4195 est,
642 4120 699 4179 sed
729 4121 762 4179 id
794 4121 879 4193 quod
911 4120 1005 4181 unice
1034 4119 1097 4179 sibi
1120 4121 1208 4182 cordi
1234 4125 1287 4182 est
1309 4123 1517 4182 commenda·

292 4238 397 4294 turus.
433 4234 528 4293 Pacis
563 4235 659 4293 canet
690 4233 815 4293 laudes.
851 4232 922 4293 Non
957 4234 990 4292 iu
1026 4248 1083 4293 eos
1117 4234 1173 4307 qui
1206 4234 1284 4294 belli
1317 4232 1418 4294 finem
1448 4233 1519 4294 fieri

293 4351 408 4408 vetant
443 4346 566 4408 scribet
600 4346 760 4422 fabulam,
796 4348 854 4407 sed
885 4348 925 4407 ad
955 4362 1073 4407 sanam
1107 4348 1334 4422 spectatorum
1370 4349 1518 4427 mentem

291 4462 475 4535 provocans
504 4461 659 4521 ostendet
688 4461 831 4533 quantae
861 4461 906 4518 sit
929 4461 1107 4533 stultitiae,
1133 4461 1166 4519 in
1190 4460 1402 4520 commodum
1425 4462 1518 4532 rabu-

291 4574 398 4634 larum
433 4575 640 4649 impurorum
677 4588 752 4632 cum
792 4573 948 4646 gentibus
984 4573 1104 4632 vicinis
1136 4572 1308 4647 digladiari
1337 4573 1519 4648 opibusque

291 4688 431 4761 publicis
455 4688 595 4762 privatis
618 4687 763 4760 pessimo
787 4686 893 4758 abuti,
917 4686 996 4747 dum
1020 4686 1146 4746 inculta
1163 4687 1293 4747 iaceant
1312 4686 1421 4746 Attica
1440 4701 1519 4746 arva

294 4803 327 4859 et
351 4800 478 4860 vineae.
