4067 5950
669 789 711 834 nn
735 788 844 834 rexne
867 787 1020 833 emme.
1393 776 1458 837 335

267 961 307 1020 nt
340 958 425 1020 Nub.
462 960 529 1020 800
564 960 630 1020 hue
664 960 868 1021 referendus.
900 961 986 1020 Nam
1017 958 1096 1033 quid
1127 960 1265 1021 tandem
1297 962 1459 1036 estquod

230 1074 435 1149 Strepsiades
459 1073 505 1134 ibi
529 1073 613 1134 dicit
634 1074 674 1134 de
697 1072 766 1134 filio
789 1075 875 1134 suo?

311 1188 358 1248 V:
496 1181 556 1247 ἔστ’
582 1184 615 1247 ἔνι
638 1196 795 1266 γυναικῶν
820 1184 976 1266 εὐπτέρων
1000 1184 1067 1246 καὶ
1092 1188 1302 1265 Κοισύρας.

311 1301 358 1362 R:
995 1300 1216 1380 Κοισύρας.

310 1416 359 1477 A:
999 1422 1075 1474 τῶν
1098 1414 1313 1492 Κοισύρας.

228 1529 253 1587 E
272 1529 459 1589 mulieribus
476 1528 627 1604 fastuosis
650 1532 698 1598 (et)
720 1526 854 1605 θοιιρνο
868 1531 973 1590 natue
995 1562 1035 1571 -
1057 1528 1184 1588 Vitium
1204 1528 1333 1603 peperit
1351 1527 1460 1602 opinio

227 1658 338 1704 eorum
358 1643 413 1718 qui
433 1642 664 1717 Phidippidem
686 1657 744 1717 pro
763 1641 925 1703 Alcibiade
940 1657 1015 1703 esse
1028 1643 1238 1715 statuerunt;
1253 1641 1287 1701 hi
1299 1640 1461 1716 coesyrae

227 1772 344 1817 nornen
369 1791 409 1827 -,-
435 1756 592 1831 quiequid
616 1756 649 1817 id
674 1757 725 1816 est
751 1788 791 1799 -
818 1756 920 1816 etiam
944 1754 1028 1817 Nub.
1054 1756 1097 1816 48
1121 1755 1255 1816 obvium
1276 1755 1340 1816 hue
1358 1760 1460 1818 rettu-

227 1926 348 1986 lerunt:
374 1932 531 2004 γυναικῶν
542 1870 717 2001 “mpure
741 1924 845 1985 Poeta
868 1925 982 1984 autem
1006 1924 1168 1984 eiusmodi
1188 1922 1265 1997 quid
1285 1923 1437 1985 dederat:

399 2033 454 2097 ἔστ’
481 2036 514 2097 ἐκ
537 2046 692 2116 γυναικῶν
715 2035 869 2116 εὐπτέρων
893 2035 1275 2115 ναὶ<ἔπηρμὲνοον>.

228 2153 564 2228 interpretamentum
604 2154 784 2227 postquam
820 2156 953 2213 textum
989 2153 1130 2228 invasit,
1165 2153 1264 2227 periit
1297 2153 1462 2228 genuinus

228 2266 368 2326 trimetri
391 2266 515 2342 exitus,
539 2268 578 2326 ut
601 2265 688 2326 Plut.
716 2266 791 2342 148,
816 2281 916 2340 quem
939 2281 1042 2342 supra
1064 2266 1242 2341 tetigimus
1260 2262 1292 2337 ¹).

267 2379 381 2440 Simile
405 2380 484 2454 quid
507 2394 686 2455 perpessus
710 2382 763 2440 est
786 2380 868 2441 Acir.
894 2381 979 2441 504:

399 2491 489 2553 αύιοί
512 2492 569 2571 γάρ
593 2490 682 2570 ἐσμεν
707 2489 803 2553 ούπὶ
827 2493 990 2578 Ληναίῳ
1014 2487 1040 2552 τ’
1067 2490 1183 2571 ἀγών,

402 2604 509 2668 κούπω
533 2603 615 2678 ξένοι
637 2606 788 2685 πάρεισιν.

175 2763 177 2771 .
229 2722 343 2793 Aperte
366 2721 490 2781 vitiosa
512 2722 609 2794 haee;
635 2720 766 2781 Lenaea
785 2722 898 2780 autem
918 2721 987 2795 egi,
1011 2720 1052 2781 ad
1071 2720 1239 2781 Lenaeum
1251 2724 1458 2797 spectatores

228 2834 344 2908 sedere,
377 2835 400 2893 ‘e
433 2836 531 2909 poete
566 2848 623 2894 eos
657 2833 766 2894 doceri
801 2833 941 2894 minime
972 2835 1129 2909 oportuit.
1160 2834 1329 2895 Reddatur
1359 2836 1460 2910 igitur

229 2946 393 3023 interpreti
416 2946 499 3009 illud
523 2942 572 3006 ἐπὶ
596 2947 742 3032 Ληναίῳ,
765 2948 872 3008 etsie
896 2945 1077 3008 scribatur:

442 3112 531 3176 αὐτοὶ
553 3115 611 3195 γάρ
635 3114 725 3192 ἐσμεν
748 3049 880 3194 orirrebpl
896 3051 1000 3197 ύηύύύων
1028 3113 1119 3180 (ἔστι
1141 3123 1245 3192 νῦν),

444 3226 550 3289 κούπω
575 3226 656 3301 ξένοι
679 3229 828 3308 πάρεισιν.

267 3340 374 3402 Tenue
398 3343 472 3402 vitii
491 3342 651 3404 indicium
672 3343 818 3404 fortasse
834 3345 948 3404 servat
962 3342 1169 3403 Ravennatis
1181 3342 1279 3402 lectio
1299 3343 1457 3420 ληναίω.

232 3452 306 3513 Nam
325 3456 359 3514 in
378 3456 461 3530 ipsis
482 3459 602 3531 poetae
623 3454 734 3516 verbis
754 3457 824 3516 iota
845 3457 1062 3532 „quiescens”
1082 3456 1168 3515 satis
1188 3454 1329 3516 fideliter
1343 3456 1455 3535 scribi,

232 3564 259 3624 in
279 3568 497 3644 interpretum
523 3584 601 3630 rere
625 3568 752 3629 notulis
776 3569 905 3643 passim
929 3569 1042 3630 omitti
1065 3568 1161 3628 solet.

269 3679 374 3741 Etiam
416 3682 553 3743 Thesm.
590 3682 654 3742 289
686 3683 737 3742 sie
766 3682 1002 3757 expediendus.
1033 3680 1097 3742 Ubi
1126 3681 1296 3756 Euripidis
1333 3683 1458 3744 sodalis

233 3796 409 3856 matronam
434 3795 556 3857 festive
580 3797 736 3857 imitatus
760 3811 780 3856 a
804 3796 922 3857 cerere
945 3798 980 3858 et
1003 3796 1069 3856 elia
1093 3798 1249 3870 precetur
1273 3799 1305 3856 et
1329 3797 1427 3857 haec:

700 3906 797 3969 πολλὰ
821 3908 966 3981 πολλάκις
990 3906 1027 3986 μέ
1049 3925 1099 3969 σοι

441 4021 534 4082 θύειν
557 4020 695 4101 ἔχουσαν·
720 4022 748 4082 εἰ
770 4019 803 4082 δὲ
827 4022 883 4100 μή,
909 4019 984 4082 ἀλλὰ
1007 4031 1066 4082 νῦν
1089 4025 1208 4082 λαθεῖν.

441 4132 493 4194 καὶ
514 4133 570 4213 τὴν
594 4134 797 4215 θογαιέραν
820 4140 959 4214 χοῖρον
983 4132 1095 4214 ἀνδρός
1119 4157 1171 4212 μοι
1196 4135 1298 4196 δοκεῖν

443 4251 649 4320 πλουτοῦντος
673 4247 730 4309 uri.

238 4354 280 4415 Sic
300 4359 437 4420 ultimus
462 4377 580 4422 versus
603 4363 751 4438 scriptus
774 4364 809 4423 in
828 4362 927 4423 unico
951 4363 1064 4423 codice
1085 4363 1124 4423 R.
1145 4361 1316 4424 corrector
1335 4362 1458 4422 delevit

237 4468 367 4534 litteram
403 4474 536 4537 finalem
572 4478 664 4538 vocis
698 4475 875 4555 θυγατέρων
911 4479 946 4537 et
979 4476 1120 4537 verbum
1154 4476 1266 4552 δοκεῖν,
1299 4492 1357 4552 pro
1392 4491 1455 4549 quo

174 4539 176 4648 ύ
239 4583 395 4662 rescripsit
428 4594 538 4668 τυχεῖν.
560 4590 736 4683 ΙΔροηιιιῐι
772 4590 910 4664 vitium;
945 4590 1079 4650 videtur
1110 4593 1224 4650 autem
1257 4606 1324 4650 vox
1353 4596 1456 4668 χοῖρον

246 4745 434 4764 κ

266 4848 283 4911 ¹)
297 4853 333 4904 Oi.
347 4871 404 4918 pag.
423 4861 483 4906 ris.
