4067 5950
748 738 887 784 111111
910 739 1086 784 cancrena.
1501 722 1540 781 15

298 929 439 988 rumque
458 913 550 974 cultu
570 928 634 974 non
654 916 833 988 aequarent
850 911 1085 987 Athenienses,
1103 910 1229 972 mentis
1252 911 1367 970 tamen
1386 909 1540 968 acumine

301 1028 471 1101 patriaeve
494 1041 607 1088 amore
631 1027 673 1088 iis
696 1041 762 1088 non
787 1026 960 1088 cederent!

348 1254 468 1316 Tristis
497 1255 578 1315 haec
607 1254 672 1314 luit
701 1254 935 1330 Aristophanis
966 1269 1053 1331 sors,
1084 1253 1171 1329 quod
1203 1253 1337 1328 penitus
1370 1267 1445 1314 cum
1472 1267 1538 1327 per·

302 1370 445 1430 sentiret
467 1383 569 1429 unam
592 1383 665 1428 esse
688 1367 806 1427 debere
830 1366 1020 1444 Graeciam,
1043 1370 1082 1428 ut
1104 1367 1207 1427 libera
1230 1369 1264 1426 et
1287 1382 1307 1426 6
1331 1366 1442 1427 Ρ61616
1465 1368 1541 1425 tuta

304 1497 380 1543 esse
402 1483 527 1558 posset,
553 1495 618 1542 non
642 1483 756 1542 tamen
779 1481 886 1541 sensit
909 1495 1011 1540 unam
1035 1479 1107 1540 fieri
1130 1494 1196 1540 non
1216 1495 1315 1555 posse
1336 1480 1401 1540 nisi
1421 1479 1541 1553 Sparta

303 1596 524 1656 subiceretur·
538 1593 690 1655 Athenis.
722 1593 872 1670 Pugnare
895 1594 1017 1655 1161166
1041 1593 1118 1654 11166
1140 1593 1273 1654 iubebat
1295 1592 1402 1653 latum
1426 1593 1540 1653 inexo-

303 1708 424 1769 rabile:
455 1722 603 1783 pugnam
633 1706 764 1768 differre
795 1706 916 1768 licebat
947 1707 1198 1783 aliquantisper,
1230 1721 1295 1766 nen
1329 1705 1448 1766 licebat
1470 1722 1538 1782 per·

305 1824 405 1897 petuo
428 1822 628 1895 detrectare;
653 1820 765 1895 itaque
793 1821 822 1880 ei
847 1821 902 1895 qui
927 1821 967 1880 ad
991 1820 1173 1881 ineundum
1197 1820 1279 1880 illud
1301 1819 1424 1880 bellum
1449 1820 1540 1880 cives

305 1951 387 1996 suos
410 1933 584 2010 urgebant,
609 1948 675 1995 non
700 1934 804 2010 impia
826 1935 1018 2009 malignare
1042 1933 1182 1993 levitate
1203 1933 1341 2008 impulsi
1363 1932 1397 1994 in
1415 1934 1541 1993 incerta

306 2050 435 2108 temere
451 2046 604 2123 ruebant,
626 2047 683 2107 sed
701 2049 735 2108 et
751 2061 831 2108 suae
848 2047 978 2107 civitati
995 2048 1028 2106 et
1045 2046 1108 2106 toti
1125 2046 1280 2107 Graeciae
1297 2046 1379 2106 bene
1392 2046 1541 2106 volentes

310 2176 446 2235 operam
466 2160 588 2220 dabant
605 2163 644 2220 ut
661 2161 770 2236 patria
790 2161 1054 2235 quamprimum
1073 2174 1112 2220 66
1134 2160 1307 2220 duceretur
1324 2175 1388 2233 quc
1408 2162 1541 2219 vocaret

309 2273 454 2334 1611666.
491 2275 536 2335 Α1
565 2274 657 2335 duris
686 2273 1010 2349 inclementibueque
1041 2273 1270 2334 huiuscemodi
1300 2273 1447 2333 consiliis
1476 2287 1541 2332 non

311 2391 383 2448 erat
405 2388 498 2448 locus
520 2389 554 2448 in
577 2388 674 2449 corde
696 2391 815 2463 poetae
840 2388 980 2449 iuvenis.
