4067 5950
745 835 824 878 vrrs
847 834 887 878 nr
911 833 1079 878 ornamus.
1491 818 1530 876 13

302 1021 381 1066 cum
399 1006 480 1066 viris
498 1005 711 1082 popularibus
730 1006 851 1083 iacere,
876 1005 1020 1081 patriam
1042 1005 1077 1064 in
1096 1003 1269 1065 interitum
1289 1019 1384 1065 ruere
1402 1003 1534 1066 facilius

300 1113 448 1181 ferentes
466 1135 567 1194 quam
587 1120 665 1180 novi
684 1120 845 1195 temporis
863 1119 1002 1181 consilia
1013 1118 1153 1180 feliciter
1165 1119 1206 1179 ad
1218 1121 1376 1179 eventum
1388 1118 1532 1194 perduci.

346 1232 484 1292 illorum
508 1233 682 1294 hominum
706 1232 817 1293 studia
840 1234 897 1293 aut
916 1233 1032 1308 aperta
1051 1234 1109 1292 aut
1127 1231 1335 1292 clandestina
1353 1232 1531 1293 Athenien·

301 1345 391 1406 sium
410 1346 460 1407 rei
478 1346 627 1422 publicae
645 1360 815 1420 nunquam
834 1361 900 1406 non
921 1348 1105 1408 nocuerunt
1127 1348 1162 1406 et
1179 1361 1278 1421 saepe
1297 1345 1477 1406 effecerunt
1497 1348 1534 1407 ut

302 1459 412 1520 caecis
429 1460 595 1522 erroribus
614 1476 634 1522 a
652 1462 706 1521 via
724 1461 844 1521 salutis
863 1460 1055 1522 discederet.
1075 1460 1147 1520 Non
1167 1462 1306 1521 externa
1325 1460 1382 1520 sed
1402 1460 1534 1521 interna

301 1572 394 1633 fuere
417 1574 569 1650 vulnera,
593 1589 677 1649 quae
696 1575 824 1636 civitati
844 1574 1032 1635 subduxere
1050 1589 1149 1635 sucos
1167 1576 1268 1648 utque
1287 1574 1363 1636 tabe
1383 1574 1532 1636 confecta
1631 1609 1635 1615 -

303 1700 380 1746 cum
403 1689 476 1748 tota
498 1687 635 1749 Graecia
657 1689 780 1763 periret
803 1689 992 1749 effecerunt.

893 1961 948 2026 IV.

349 2141 422 2202 Illis
452 2141 560 2218 annis,
593 2142 712 2216 quibus
737 2140 862 2204 frustra
884 2142 969 2205 enisi
993 2145 1073 2205 sunt
1095 2143 1319 2206 Athenienses
1342 2147 1380 2204 ut
1406 2148 1534 2206 ceteros

304 2254 450 2316 Graecos
479 2255 513 2315 in
544 2254 709 2316 dicionem
740 2270 836 2317 suam
868 2259 1024 2332 cogerent
1053 2259 1088 2317 et
1110 2257 1368 2333 Spartiatarum,
1393 2273 1533 2332 quorum

304 2368 459 2429 dominos
481 2369 611 2430 futuros
632 2385 670 2430 se
692 2372 923 2447 speraverant,
948 2370 1030 2432 socii
1054 2370 1160 2431 denuo
1183 2373 1264 2431 sunt
1281 2370 1374 2447 iacti,
1400 2373 1533 2432 -tum

305 2497 382 2542 cum
413 2480 530 2542 cimon
561 2482 665 2556 gloria
696 2485 835 2559 paterna
865 2482 1012 2544 inclutus
1040 2483 1111 2544 vita
1142 2483 1242 2544 cessit
1269 2487 1303 2544 et
1325 2484 1470 2546 Pericles
1494 2485 1535 2545 ad

304 2609 477 2655 summam
507 2595 708 2670 potestatem
740 2596 964 2671 honoremque
995 2597 1147 2672 pervenit
1169 2611 1229 2658 rex
1252 2612 1317 2658 non
1342 2601 1534 2673 coronatus,

306 2709 340 2767 in
372 2709 504 2770 Atticae
535 2710 643 2784 aliquo
674 2710 807 2786 praedio
837 2711 937 2770 natus
968 2711 1020 2770 est
1045 2724 1137 2785 puer,
1168 2711 1221 2770 cui
1245 2710 1279 2769 in
1302 2711 1380 2770 fatis
1404 2713 1476 2772 erat
1498 2715 1536 2772 ut

306 2837 417 2881 rerum
449 2824 706 2898 praeteritarum
737 2823 921 2884 admirator
942 2822 1124 2884 acerrimus
1145 2823 1307 2884 existeret
1330 2827 1364 2885 et
1385 2825 1536 2887 laudator

306 2950 394 2996 nnus
421 2937 571 2998 omniurn
601 2936 861 3013 disertissimus,
893 2937 949 3011 qui
976 2937 1122 2999 civitatis
1145 2936 1315 3016 instituta,
1346 2938 1534 3013 aequalium

308 3066 420 3111 mores
449 3054 483 3111 et
506 3052 617 3112 studia
640 3067 715 3113 curn
739 3052 870 3127 publica
893 3054 964 3112 tum
990 3052 1135 3127 privata,
1160 3052 1347 3112 admirabili
1370 3055 1442 3113 arte
1465 3056 1536 3112 erat

307 3164 510 3245 depicturus,
531 3169 569 3225 ut
587 3181 630 3226 ex
649 3166 721 3226 eius
739 3165 891 3240 operibus
910 3165 1158 3226 immortalibus
1180 3166 1282 3226 etiam
1301 3180 1377 3226 sera
1395 3146 1537 3226 disceret

308 3279 485 3351 posteritas
515 3279 622 3353 qualis
650 3279 770 3341 suisset
793 3280 1046 3341 Atheniensium
1072 3279 1132 3340 illa
1156 3278 1289 3354 civitas,
1313 3280 1366 3339 cui
1389 3280 1533 3341 similem

307 3394 416 3453 terrae
439 3408 505 3453 non
528 3393 692 3454 viderunt.

354 3505 420 3567 Sub
454 3507 584 3567 Atticae
619 3508 709 3568 caelo
743 3508 853 3581 aprico
887 3506 1127 3581 Aristophanes
1160 3521 1241 3581 puer
1275 3507 1421 3569 adolevit
1450 3508 1536 3568 inter

309 3622 412 3694 patris
432 3621 573 3696 Philippi
591 3636 671 3681 arva
690 3623 723 3681 et
739 3621 864 3681 vineas.
885 3620 934 3681 Ibi
953 3621 1029 3680 inde
1049 3635 1069 3680 a
1086 3619 1210 3680 tenella
1225 3620 1368 3680 infantia
1382 3620 1533 3681 ludorum

310 3735 414 3795 testes
444 3730 532 3795 fidas
558 3738 591 3796 et
614 3750 709 3796 caras
733 3735 849 3796 habuit
871 3734 977 3795 olivas
1000 3737 1035 3794 et
1056 3733 1139 3795 ficus
1161 3736 1326 3809 paternas.
1350 3732 1471 3794 Didicit
1492 3734 1537 3793 ibi

311 3848 387 3920 quid
418 3847 525 3908 laetas
558 3848 681 3910 iaceret
717 3851 861 3925 segetes,
895 3848 971 3923 quid
1002 3850 1082 3908 vota
1119 3847 1339 3922 agricolarum
1374 3847 1536 3921 eluderet,

311 3964 484 4022 consuevit
505 3963 551 4023 ibi
574 3978 648 4024 cum
673 3964 775 4023 variis
795 3978 878 4037 quae
896 3978 954 4023 rus
973 3964 1007 4022 et
1025 3964 1156 4022 montes
1177 3960 1300 4021 habent
1320 3961 1533 4037 animalibus,

312 4076 444 4136 mature
466 4077 621 4151 cognovit
644 4092 723 4152 apes
742 4079 775 4137 et
794 4076 1002 4151 scarabaeos,
1024 4074 1156 4136 cicadas
1175 4076 1208 4136 et
1226 4074 1423 4150 papiliones,
1447 4075 1537 4134 varia

312 4188 424 4248 avium
454 4205 576 4263 genera
603 4193 637 4251 et
659 4190 817 4251 bestiolas
840 4192 1003 4264 repentes.
1028 4188 1246 4249 Mustelarum
1270 4186 1418 4247 latebras
1440 4188 1536 4247 rima·

313 4300 418 4379 batur,
442 4303 542 4364 bacas
564 4307 597 4364 et
620 4319 723 4364 nuces
746 4303 875 4377 legebat
898 4318 955 4379 per
974 4317 1070 4377 sepes
1090 4303 1123 4362 et
1143 4316 1293 4376 nemora,
1313 4301 1400 4360 inter
1418 4315 1538 4374 pecora

314 4429 477 4491 canesque
507 4418 700 4492 pastoricios
727 4415 872 4477 lascivus
895 4415 1173 4476 tumultuabatur.
1197 4415 1238 4474 Et
1260 4414 1394 4489 puerilis
1417 4414 1538 4474 aetatis

313 4530 465 4593 libertate
495 4532 572 4592 dnm
604 4531 832 4606 perfruebatur
861 4545 1012 4591 crescens
1042 4533 1140 4603 poeta
1168 4531 1267 4603 inque
1297 4543 1378 4587 sano
1403 4543 1536 4602 corpore

314 4659 396 4705 sana
425 4660 520 4705 mens
552 4643 817 4720 confirmabatur,
848 4645 957 4719 magis
987 4643 1161 4718 magisque
1188 4642 1343 4716 flagravit
1368 4656 1480 4702 amore
1503 4643 1537 4701 et

314 4758 532 4819 admiratione
562 4760 670 4819 terrae
700 4756 837 4833 natalis,
870 4773 912 4817 ex
942 4772 1007 4830 qua
1030 4772 1112 4831 gens
1135 4756 1246 4817 Attica
1268 4754 1347 4815 olim
1370 4754 1404 4814 in
1427 4754 1535 4815 lucem

314 4872 490 4946 prodiisset
506 4871 715 4933 saeculorum
731 4870 924 4947 primordio,
941 4869 982 4930 ab
998 4870 1182 4931 Erechtheo
1198 4871 1232 4929 et
1244 4867 1386 4943 cecrope
1397 4868 1536 4941 aliisque
