4067 5950
549 748 611 807 184
1015 766 1305 813 οεειωωτιοοιιοιι

545 936 659 1022 λογείῳ.
689 934 741 997 καί
770 936 818 999 δτι
842 933 897 1015 μέν
920 937 997 1017 πρὸς
1018 936 1090 1011 τούς
1112 936 1277 1017 ὑποκριτάς
1300 935 1455 1019 διελέγετο,
1477 936 1553 1016 πρὸς
1577 935 1632 1015 τὴν
1655 935 1761 1014 σκηνὴν

546 1049 684 1131 άφεύρα,
707 1050 755 1113 ὅτε
778 1048 811 1112 δέ
833 1049 1031 1114 ἀπελθόντων
1053 1060 1113 1113 τῶν
1135 1050 1308 1131 ὑποκριτῶν
1330 1052 1401 1125 τούς
1425 1049 1633 1123 άναπαίστους
1652 1049 1763 1134 διεξῄει,

545 1164 621 1245 πρδς
653 1165 706 1226 τὸν
740 1165 838 1244 δῆμον
868 1163 1078 1246 άπεστρέφετο,
1108 1164 1159 1227 καί
1188 1174 1278 1228 τούτο
1308 1164 1439 1227 ἐκαλεῖτο
1472 1164 1597 1243 στροφὴ.
1621 1157 1658 1243 ἦν
1678 1161 1709 1225 δὲ
1730 1162 1762 1222 τά

546 1279 666 1359 ἰαμβεῖα
684 1281 871 1361 τετράμετρα.
889 1276 951 1343 είτα
969 1280 1024 1360 τὴν
1043 1280 1246 1362 ἀντίστροφον
1261 1282 1463 1367 προσρίδοντις
1474 1280 1568 1342 πάλιν
1578 1280 1762 1359 τετράμετρον

546 1391 684 1474 ἰπέλεγον
705 1394 780 1456 ἰσων
803 1395 910 1475 στίχων
927 1391 963 1473 1),
981 1430 1024 1439 -
1044 1386 1084 1475 ἦν
1103 1392 1137 1456 δέ
1160 1393 1209 1457 ἐπί
1228 1395 1261 1457 τδ
1285 1400 1424 1457 πλεῖστον
1444 1392 1486 1475 ις’
1511 1428 1565 1471 -,
1587 1392 1710 1454 ἐκαλεῖτο
1734 1387 1764 1451 δέ

546 1515 640 1568 ταῦτα
670 1506 865 1588 ἐπιρρήματα.
896 1504 916 1588 ἡ
952 1505 985 1570 δὲ
1015 1508 1071 1587 δλη
1094 1508 1229 1591 πάροδος
1252 1517 1306 1571 τού
1329 1518 1421 1588 χοροῦ
1444 1506 1576 1572 ἐκαλεῖτο
1598 1506 1766 1586 παράβασις.

549 1622 763 1701 Ἀριστοφάνης
786 1620 820 1683 ἐν
837 1617 1044 1695 Ἱππεῦσινῗ)

679 1735 726 1813 ,εἰ
746 1733 800 1813 μέν
823 1757 866 1809 τις
889 1733 968 1815 ἀνὴρ
991 1744 1051 1797 τῶν
1076 1734 1209 1817 άρχαίων
1232 1734 1545 1821 κωμῳδοδιδάσκαλος
1567 1730 1643 1813 ἡμᾶς

680 1846 874 1930 ,ἠνάγκαζεν
896 1848 1035 1923 λέξοντας
1059 1848 1116 1930 ἔπη
1139 1849 1215 1932 πρδς
1238 1849 1271 1910 ιδ
1295 1847 1427 1928 θέατρον
1450 1847 1655 1930 παραβῆναάῖ

1138 2300 1190 2377 Β.

750 2460 920 2523 Aliunde
940 2463 1191 2524 innotuerunt
1209 2481 1309 2554 *quae
1330 2464 1589 2538 sequunturssl.

952 2609 990 2672 ἐκ
1013 2621 1086 2673 τῶν
1111 2608 1398 2681 Πλατωνίου4).

848 2748 876 2784 α.
921 2723 1010 2807 περί
1035 2726 1236 2808 διαφορᾶς
1258 2726 1484 2811 κωμῳδιῶν.

599 2884 691 2946 καλὸν
725 2884 972 2965 ἐπισημήνασθαι
1005 2887 1057 2961 τάς
1087 2887 1199 2967 αἰτίας,
1230 2883 1266 2949 δι’
1299 2885 1336 2984 δις
1366 2883 1385 2965 ἡ
1417 2884 1472 2965 μέν
1501 2884 1610 2966 άρχαία
1639 2882 1765 2969 κωμῳδία

553 2998 633 3060 ἴδιόν
656 3022 723 3061 τινα
744 3002 841 3062 τύπον
864 3000 936 3082 ἔχει,
957 2999 977 3081 η
1001 2999 1035 3063 δέ
1057 3000 1133 3081 μέση
1156 3002 1304 3084 διάφορός
1326 3001 1387 3064 ἐστι
1409 3001 1484 3082 πρὸς
1508 3002 1630 3079 ταύτην.

600 3112 650 3174 ἐπί
671 3123 731 3175 τῶν
754 3116 986 3194 Ἀριστοφάνους
1010 3115 1061 3178 καὶ
1085 3117 1239 3197 Κρατίνου
1263 3113 1314 3177 καί
1337 3115 1512 3188 Ειύπύλιδος
1535 3114 1652 3195 χρόνων
1674 3113 1706 3174 τά
1726 3120 1767 3189 τῆς

556 3228 758 3310 δημοκρατίας
789 3229 904 3310 ἐκράτεε
931 3226 999 3312 παρ’
1033 3231 1222 3310 Ἀθηναίοις,
1251 3229 1301 3291 καί
1332 3228 1387 3308 την
1418 3228 1557 3303 ἐξουσίαν
1580 3221 1767 3308 σύμπασανδ

557 3342 652 3421 δῆμος
682 3337 768 3422 εἶχεν,
798 3344 888 3418 αὑτὸς
919 3345 1113 3427 αὐτοκράτωρ
1136 3343 1188 3406 καί
1210 3346 1314 3425 κάρτος
1335 3353 1395 3405 τῶν
1418 3349 1579 3405 πολιτικῶν
1601 3341 1769 3424 πραγμάτων

557 3455 711 3537 ὑπάρχων.
741 3468 794 3537 τῆς
821 3459 975 3539 ἰσηγορίας
998 3451 1056 3521 ούν
1078 3468 1172 3519 πᾶσιν
1195 3458 1404 3539 ὑπαρχούσης,
1425 3456 1529 3518 άδειαν
1553 3457 1586 3518 οἱ
1605 3455 1658 3530 τάς
1679 3477 1769 3539 κωμῳ-

559 3571 626 3644 δίας
657 3572 880 3653 συγγράφοντες
910 3566 992 3652 είχυν
1023 3581 1076 3633 τού
1108 3572 1255 3634 σκώπτειν
1284 3570 1335 3632 καλ
1364 3570 1547 3652 στρατηγούς
1570 3568 1622 3631 καί
1646 3566 1771 3638 δικαστάς

556 3684 627 3759 τούς
645 3695 744 3759 κακῶς
763 3686 940 3760 δικάζοντας
959 3684 1010 3747 καί
1030 3695 1089 3747 τῶν
1107 3691 1240 3746 πολιτῶν
1255 3708 1340 3759 τινας
1352 3683 1372 3765 ἢ
1384 3686 1589 3765 φιλαργύρους
1601 3681 1622 3764 ἢ
1635 3685 1772 3757 συζῶντας

557 3798 700 3884 άσελγείῳ.
724 3796 741 3860 δ
763 3799 827 3881 γάρ·
844 3802 954 3879 δῆμος,
977 3798 1018 3874 ὡς
1042 3794 1139 3878 εἰπον,
1162 3799 1258 3885 ἐξῄρει
1276 3799 1328 3860 τδν
1347 3800 1448 3879 φόβον
1466 3809 1526 3859 τῶν
1545 3799 1773 3883 κωμῳδούντυν,

558 3913 720 3991 φιλοτίμως
749 3922 809 3974 τῶν
839 3914 910 3986 τούς
936 3915 1093 3986 τοιούτους
1117 3914 1380 3993 βλασφημούντων
1403 3911 1533 3974 ἀκούων.
1556 3913 1643 3989 ἴσμεν
1665 3909 1718 3992 γὰρ
1739 3906 1772 3976 ὡς

558 4025 718 4087 ἀντίκειται
741 4027 832 4104 φύσει
854 4033 915 4101 τοῖς
936 4028 1093 4101 πλουσίοις
1117 4026 1147 4101 ἐξ
1170 4025 1263 4109 ἀρχῆς
1286 4023 1302 4087 δ
1322 4026 1418 4104 δῆμος
1436 4023 1487 4087 καί
1505 4030 1568 4096 ταῖς
1588 4023 1772 4105 δυσπραγίαις

559 4139 659 4201 αὑτῶν
684 4138 794 4218 ἥδεται.

593 4345 614 4407 ¹)
631 4351 688 4396 ἰοωτ
705 4352 793 4409 στίχων
810 4350 831 4396 V
847 4349 914 4408 prol.
931 4349 1010 4408 Nub]
1030 4345 1061 4402 είς
1078 4347 1107 4396 ἂν
1124 4353 1206 4410 στίχος
1223 4349 1243 4396 V
1260 4348 1309 4395 hoo
1327 4349 1393 4395 loeo.

590 4424 613 4486 ²)
625 4429 748 4475 Ἱππεῦσιν
766 4428 786 4475 V
803 4429 868 4489 prol.
885 4425 964 4489 Nau]
982 4430 1068 4491 Εἰρήνη
1086 4428 1173 4475 Vhou
1190 4429 1256 4476 loco.
1273 4428 1322 4475 Est
1338 4427 1386 4486 Rq.
1406 4428 1454 4474 50‘1
1472 4439 1512 4485 sq.

590 4503 612 4569 ³)
628 4507 758 4567 Exaerplu
775 4508 839 4554 huon
857 4522 871 4554 ο
889 4508 1016 4564 Ρίειοοίο,
1031 4509 1248 4555 commentarium
1266 4507 1299 4553 δε
1316 4507 1460 4568 comoedia,
1477 4509 1614 4566 poetarum
1632 4504 1775 4552 laterculum

558 4586 668 4646 praebet
692 4587 791 4633 unoculi
816 4587 860 4634 XV
886 4586 968 4633 oodex
992 4586 1112 4633 Estonsis
1138 4587 1179 4633 111
1202 4588 1225 4633 D
1241 4588 1265 4642 8,
1288 4586 1344 4632 solu
1367 4588 1490 4644 excerpta
1513 4598 1527 4631 ε
1549 4585 1670 4632 ΡΙοιοοίο
1689 4581 1775 4630 habent

558 4665 661 4712 codices
678 4666 812 4724 aliquanto
828 4666 971 4712 deteriores
984 4667 1127 4714 Vaticanus
1144 4667 1208 4712 1294
1222 4665 1321 4712 τοσουδί
1334 4665 1393 4711 XIV
1406 4666 1433 4711 et
1442 4665 1558 4712 Venetus
1567 4665 1616 4711 4⁷5
1626 4659 1723 4711 saeculi
1732 4659 1775 4706 XV.

558 4745 598 4792 01.
615 4745 707 4791 Knibel
724 4745 796 4792 Oom.
814 4745 858 4792 Gr.
873 4745 905 4791 fr.
922 4745 936 4790 1
952 4759 978 4805 p.
996 4747 1011 4792 δ
1029 4758 1088 4804 sqq.

591 4821 612 4887 ⁴)
630 4822 765 4872 platonius
781 4824 966 4883 grammaticus
982 4825 1088 4871 aliunde
1105 4837 1156 4871 uon
1173 4825 1214 4871 est
1231 4821 1361 4882 cognitus.
