4067 5950
682 817 762 862 VITA
783 818 824 863 H
845 818 1015 866 crumena.

277 1021 324 1030 —
352 989 466 1066 „Heus
488 992 539 1068 tu,
564 990 730 1053 undenam
753 992 860 1054 multo
883 1007 982 1054 mane
991 993 1030 1053 ‘l’‘

282 1137 325 1147 -
353 1105 399 1180 ‚li
422 1105 566 1167 comitiis
590 1104 783 1168 videlicetl”

279 1249 327 1259 —
354 1219 489 1294 ,Iamne
510 1218 612 1295 igitur
634 1216 775 1280 finita?”

280 1367 325 1377 -
353 1333 481 1409 „Immo
516 1332 657 1394 dudum!
695 1331 814 1395 concio
848 1332 911 1394 ruit
945 1332 1166 1410 amplissima.
1201 1334 1304 1398 Notos
1338 1334 1469 1408 quidem

232 1461 325 1522 „non
356 1446 482 1509 multoe
513 1446 618 1523 vidi,’‘
644 1479 685 1490 -
709 1462 770 1508 nec
793 1446 931 1524 mirum,
956 1449 1112 1521 quoniam
1136 1449 1267 1511 maritis
1290 1450 1471 1511 mulierum

230 1561 486 1623 coniuratarum
509 1563 623 1624 vestes
645 1579 711 1625 non
733 1563 825 1625 tuere
848 1565 996 1642 praesto,
1012 1598 1053 1610 —
1070 1565 1147 1642 „sed
1171 1580 1191 1626 a
1211 1565 1319 1628 bonta
1337 1565 1473 1628 sedebat

233 1675 380 1751 „ingens
399 1676 561 1751 quaedam
581 1678 716 1739 caterva
731 1677 990 1740 homuncionum
1008 1678 1227 1754 pallidorum:
1246 1681 1378 1742 sutores
1390 1680 1472 1741 dice·

234 1804 325 1866 „res
351 1791 484 1852 Primus
507 1793 620 1854 autem
644 1791 685 1854 ad
708 1791 809 1854 verba
832 1792 982 1854 facienda
1005 1793 1153 1854 surrexit
1174 1793 1284 1870 lippus
1306 1795 1371 1856 iate
1393 1793 1473 1855 Neo-

234 1905 375 1981 „clidea
408 1903 468 1966 Oui
498 1906 702 1968 audientiam
733 1906 843 1969 tacere
872 1906 964 1968 cives
994 1905 1186 1985 noluerunt,
1211 1908 1286 1970 sed:
1318 1908 1409 1971 Tune
1431 1909 1471 1971 da

234 2021 306 2094 „rei
342 2019 493 2096 publicae
527 2021 748 2096 integritate?
779 2020 1029 2083 acclamabant:
1060 2021 1153 2097 priua
1183 2022 1235 2084 iac
1265 2023 1386 2099 integri
1411 1995 1499 2084 tibi¹

235 2134 332 2208 „sint
361 2134 464 2196 oculii
491 2134 638 2195 —Dein
669 2134 710 2195 ad
740 2136 937 2210 suggestum
968 2135 1111 2195 accessit
1133 2135 1265 2197 Euaeon
1288 2136 1472 2213 prudentis·

235 2247 369 2322 „simus
388 2247 592 2310 mortalium.
612 2247 811 2309 Tunicatum
830 2247 1046 2325 putabamue;
1067 2247 1166 2324 pallio
1179 2249 1300 2311 ¹tamen
1319 2249 1471 2312 indutum

237 2376 296 2435 „se
323 2360 436 2422 aiebat
459 2361 564 2439 ipse.”

280 2473 410 2536 Probus
433 2474 488 2537 bic
511 2475 563 2536 vir
584 2474 741 2537 afferebat
758 2475 941 2537 remedium
965 2475 1130 2556 quoddam
1150 2475 1190 2536 ad
1210 2477 1328 2538 cuncta
1346 2477 1472 2553 patriae

235 2587 330 2648 mala
360 2588 511 2650 sananda
533 2588 716 2665 sufficiens,
748 2588 788 2649 de
812 2588 985 2650 commodo
1008 2588 1139 2664 publico
1162 2589 1235 2650 tum
1259 2604 1387 2664 quoque
1410 2591 1471 2652 sol·

236 2702 353 2764 licitus
387 2718 462 2765 cum
498 2703 603 2779 ipsius
638 2703 743 2764 vestis
777 2703 900 2765 misere
934 2703 1082 2765 lacerata
1116 2703 1156 2765 de
1185 2704 1336 2766 humeris
1369 2720 1473 2781 paene

236 2818 413 2879 difflueret.
436 2819 515 2879 Erat
538 2820 650 2879 autem
674 2832 778 2879 unum
801 2818 951 2880 omnium
974 2817 1263 2894 simplicissimum
1286 2818 1366 2880 illud
1385 2819 1471 2893 quod

237 2931 375 2993 tenebat
393 2933 589 2994 remedium.
614 2932 661 3009 „0
682 2932 806 3010 oivee”‚
827 2931 889 3008 ait,
915 2931 1143 3009 „singulorum
1164 2947 1277 2994 curam
1290 2932 1471 2995 habeamus

238 3046 353 3106 cuncti
361 3047 393 3107 l”
423 3045 504 3107 Dein
528 3046 606 3108 hinc
629 3060 770 3108 exorsus
792 3046 870 3107 tulit
892 3046 1097 3108 sententiam
1120 3048 1160 3108 ut
1187 3046 1259 3122 lege
1282 3047 1472 3110 iuberentur

237 3158 385 3220 lullones
407 3175 466 3235 per
484 3174 620 3221 menses
637 3160 798 3222 hiemales
817 3159 882 3221 civi
904 3159 1037 3221 cuilibet
1055 3160 1179 3236 algenti
1200 3175 1321 3222 novam
1343 3164 1469 3222 vestem

238 3273 336 3350 dare,
368 3274 469 3348 utque
501 3272 706 3335 cilicinarum
729 3273 855 3336 domini
876 3272 1068 3335 hominibus
1090 3273 1212 3349 indigis
1234 3274 1358 3335 lectum
1380 3288 1471 3349 prae·

240 3386 317 3447 bere
341 3386 424 3448 bene
447 3387 573 3449 siccum
598 3388 632 3448 et
655 3387 813 3450 calidum.

284 3500 420 3576 Optime
462 3501 624 3563 hactenus
660 3492 869 3576 Praxagorae
904 3500 1005 3562 cessit
1039 3515 1112 3561 res:
1149 3500 1240 3560 viam
1275 3500 1306 3561 ei
1340 3499 1471 3561 Euaeon

239 3614 364 3675 stravit
387 3614 523 3676 inscius.
546 3614 630 3676 Nam
654 3614 805 3676 vestiarii
834 3616 868 3676 et
897 3613 1123 3675 cubiculorum
1151 3613 1179 3674 si
1202 3612 1331 3689 publice
1353 3612 1471 3675 babea-

239 3729 294 3788 tur
330 3742 423 3805 cura,
459 3727 572 3802 quidni
611 3728 773 3789 habeatur
813 3727 915 3789 etiam
950 3727 1106 3789 culinae?
1141 3726 1213 3788 Illic
1247 3730 1362 3788 autem
1397 3742 1472 3801 quo·

240 3855 397 3903 rumnam
431 3842 542 3916 potins
571 3856 671 3916 quam
703 3840 880 3903 mulierum
911 3855 1045 3902 summa
1075 3839 1133 3901 flat
1157 3843 1322 3917 potestas!
1356 3842 1470 3913 Itaque

241 3954 432 4029 Praxagora
468 3988 506 3998 —
539 3956 626 4033 sive,
662 3958 701 4016 ut
734 3954 894 4017 Chremes
927 3954 1083 4037 loquitur,
1122 3956 1295 4031 „princepe
1329 3956 1471 4015 istorum

242 4067 417 4127 sutorum”
448 4100 490 4109 -
522 4082 598 4129 cum
629 4068 801 4129 civitatem
831 4068 965 4129 reminis
995 4068 1145 4144 permitti
1175 4068 1288 4145 iussit,
1320 4067 1472 4144 plurimis

244 4178 324 4240 vicit
360 4181 546 4242 sententiis.
579 4180 661 4257 Quid
695 4180 784 4242 enim
820 4180 975 4243 obstabat
1004 4181 1183 4255 quominus
1212 4181 1311 4242 huius
1344 4195 1472 4255 qnoque

247 4294 419 4370 regiminis
448 4294 544 4356 fleret
573 4293 782 4371 pericnlum?
811 4294 928 4357 (lebera
956 4294 1026 4357 iam
1056 4296 1135 4356 sunt
1162 4295 1312 4370 cognita;
1336 4309 1415 4356 nam
1439 4297 1473 4356 et

244 4409 395 4469 omnium
425 4408 664 4485 aliquantisper
692 4408 758 4469 ruit
781 4409 964 4471 dominatio
988 4408 1142 4470 etunius
1166 4410 1201 4468 et
1223 4408 1337 4469 decem
1362 4408 1472 4469 virum

245 4523 277 4581 et
310 4521 591 4597 quadringentum
632 4523 666 4583 et
704 4521 847 4596 quinqu'e
881 4522 1014 4583 milium
1050 4523 1084 4581 et
1117 4520 1255 4596 triginta
1289 4521 1397 4582 virum
1431 4556 1471 4565 —

246 4636 277 4694 el
307 4634 396 4719 male
427 4637 597 4696 venerunt
627 4635 756 4697 omnia:
788 4650 892 4697 unum
920 4634 1098 4696 mulierum
1120 4635 1298 4711 imperium
1322 4635 1472 4696 Athenae

246 4749 390 4811 nondum
426 4748 595 4826 viderunt,
617 4794 624 4811 .
646 4793 682 4812 ..
718 4752 813 4826 grata
854 4752 967 4812 autem
1007 4763 1139 4824 semper
1174 4748 1241 4810 illic
1275 4752 1353 4811 sunt
1387 4764 1474 4810 nova

247 4860 421 4935 quaelibet.
1163 4864 1165 4871 “
