4067 5950
612 757 676 816 354
1052 772 1094 816 nu
1117 772 1225 817 ruxrn
1248 771 1402 817 rasnrro.

653 944 783 1004 Similis
812 958 903 1005 error
926 944 1142 1019 corrigendus
1175 943 1307 1005 ridetur
1338 978 1378 989 -
1412 945 1552 1018 videtur,
1585 945 1724 1019 inquam,
1747 960 1806 1004 nam

609 1073 675 1119 non
698 1058 795 1135 plane
818 1060 910 1119 certa
933 1060 986 1119 est
1007 1073 1062 1118 res
1089 1090 1128 1101 -
1153 1058 1210 1130 idq.
1235 1057 1318 1119 435:

787 1168 871 1231 οὔτοι
895 1169 937 1247 μὰ
960 1170 1015 1248 τὴν
1040 1169 1186 1248 Δήμητρα
1210 1171 1404 1248 καταπροίξει
1426 1171 1558 1231 τάλαντα
1583 1175 1617 1231 Π
1636 1170 1757 1242 (πέντε)

786 1282 900 1360 stipae
925 1285 1108 1362 Ἀθηναίων.

608 1398 672 1458 Ubi
697 1399 779 1459 item
812 1398 942 1457 τάλαντα
972 1397 1096 1458 πολλά
1127 1399 1161 1459 in
1194 1414 1312 1459 versus
1342 1396 1407 1460 dne
1438 1400 1599 1474 praebent
1622 1398 1738 1460 codices
1758 1391 1809 1461 Vl

608 1515 642 1574 et
666 1513 695 1573 R
719 1515 753 1573 et
776 1513 889 1574 ceteri.

854 1792 912 1867 19)
933 1792 988 1853 De
1010 1792 1159 1852 lacunis
1179 1791 1278 1851 male
1301 1791 1392 1852 olim
1414 1791 1591 1867 expletis.

650 1976 761 2037 Etiam
791 1976 932 2038 lacunae
957 1978 1119 2050 quaedam
1144 1977 1232 2037 male
1256 1978 1410 2052 expletae
1434 1982 1523 2040 sunt.
1547 1978 1717 2054 Quantivis
1738 1975 1815 2051 pretii

606 2090 837 2151 huiuscemodi
868 2105 997 2150 errores
1020 2090 1257 2163 indagantibus
1281 2092 1333 2150 est
1356 2091 1453 2152 Pacis
1477 2106 1595 2152 versus
1620 2093 1693 2166 754,
1715 2091 1766 2163 qui
1785 2104 1815 2147 ex

604 2205 677 2279 ipso
712 2206 811 2278 poeta
845 2206 957 2278 potest
992 2203 1121 2278 corrigi.
1155 2202 1223 2278 Quo
1253 2201 1325 2264 loco
1356 2219 1439 2278 quae
1470 2204 1635 2279 leguntur,
1672 2205 1763 2264 etiam
1790 2202 1815 2260 in

606 2317 724 2392 Vespis
755 2318 887 2391 extant,
919 2316 1050 2390 integra
1080 2320 1191 2376 autem
1210 2312 1233 2386 ²)
1264 2318 1344 2376 sunt
1366 2333 1450 2391 quae
1472 2317 1506 2377 in
1531 2317 1651 2391 Vespis
1674 2316 1816 2391 leguntur,

603 2430 804 2506 interpolata
828 2446 910 2504 quae
935 2431 968 2489 in
993 2431 1087 2490 Pace.
1112 2429 1205 2491 Poeta
1223 2434 1327 2491 noster
1349 2464 1387 2473 -
1409 2431 1501 2491 chori
1520 2431 1588 2491 dux
1607 2432 1654 2490 ait
1675 2462 1713 2473 -
1732 2432 1816 2489 oriem

604 2560 699 2606 suom
722 2545 817 2605 cuiue
840 2523 935 2604 caecil
958 2548 985 2603 et
1007 2559 1106 2604 τιονιιτ
1129 2543 1279 2605 Hercules

1230 2661 1307 2716 τοῖσι
1331 2657 1479 2737 μεγίστοις
1503 2654 1660 2734 ἐπεχείρει,

650 2768 759 2850 διαβὰς
782 2771 908 2849 βυρσῶν
932 2766 1028 2847 ὀσμὰς
1054 2769 1156 2841 δεινὰς
1180 2768 1231 2829 καί
1255 2768 1379 2842 ἀπειλὰς
1402 2769 1675 2848 βορβοροθύμους,

649 2883 716 2944 καί
738 2893 894 2959 πρῶτον
919 2880 988 2959 μὲν
1012 2884 1187 2962 μάχομαι
1210 2884 1367 2943 πάντων
1391 2883 1471 2963 αὐτῷ
1492 2893 1531 2966 τῷ
1551 2883 1767 2961 καρχαρόδοντι
1785 2914 1816 2924 -
1861 2914 1864 2948 3

603 3000 680 3074 quid
716 3000 803 3060 hoc?
837 2998 892 3071 qui
922 2995 961 3058 nt
991 3003 1030 3059 ut
1060 3001 1131 3074 ipse
1162 3003 1297 3074 repente
1326 2999 1570 3074 Aristophanes
1605 3012 1665 3058 suo
1700 2998 1819 3058 nomine

604 3113 704 3173 verba
721 3112 830 3172 facere
851 3112 1026 3173 videatur?
1046 3112 1136 3188 Quod
1153 3114 1393 3188 respondeatur
1412 3112 1598 3187 vesparum
1619 3128 1717 3174 versu
1730 3111 1818 3189 paral·

602 3229 665 3289 lelo
697 3227 846 3302 praeberi
876 3227 1045 3288 intellexit
1076 3228 1254 3288 Hamalrer.
1286 3228 1506 3303 interpolavit
1535 3242 1658 3288 manus
1680 3226 1823 3301 imperita

602 3343 745 3417 priorem
771 3356 890 3401 versus
913 3343 1057 3416 partem,
1084 3342 1233 3401 comicus
1252 3341 1387 3401 dederat
1406 3342 1438 3400 id
1458 3342 1544 3414 quod
1565 3342 1617 3401 est
1634 3340 1732 3415 Vesp.
1752 3339 1771 3398 l.
1789 3338 1821 3396 l.:

646 3452 827 3531 θρασέως
858 3452 999 3525 ξυστὰς
1030 3453 1157 3525 εὐθὺς
1188 3449 1248 3512 ἀπ’
1276 3451 1397 3532 ἀρχῆς
1429 3453 1509 3536 αὐτῷ
1542 3464 1581 3536 τῷ
1605 3454 1818 3532 καρχαρόδοντι.

603 3571 665 3647 Qui
698 3584 789 3630 error
823 3569 965 3629 aliorum
1000 3569 1063 3629 fuit
1098 3569 1212 3642 ferax;
1244 3583 1323 3628 nam
1355 3568 1464 3642 prima
1494 3583 1635 3643 persona
1665 3569 1763 3628 etiam
1792 3566 1819 3622 in

600 3685 788 3758 sequentes
809 3682 885 3742 dein
909 3697 1028 3742 versus
1058 3682 1191 3756 irrepsit
1214 3681 1416 3756 complures,
1442 3682 1498 3754 qui
1519 3681 1617 3741 facile
1640 3682 1819 3741 etiamnunc

601 3815 620 3859 e
642 3798 834 3859 coniectura
857 3798 999 3870 possunt
1023 3796 1142 3869 corrigi
1164 3797 1241 3866 (759
1265 3799 1365 3869 sqql:

646 3918 785 3970 τοιοῦτον
810 3908 884 3969 ἰδὼν
909 3907 994 3983 τέρας
1018 3909 1055 3969 οὐ
1080 3904 1241 3985 κατέδεισ’,
1264 3905 1324 3969 ἀλλ’
1351 3904 1427 3987 ὑπὲρ
1450 3907 1537 3985 ὑμῶν
1559 3909 1728 3984 πολεμίζων

646 4023 829 4100 ἀντεῖχον
854 4021 903 4095 ἀεὶ
923 4020 974 4081 καὶ
996 4019 1057 4081 τῶν
1080 4020 1179 4081 άλὶων
1203 4022 1315 4099 νήσων.
1339 4016 1382 4082 ὧν
1406 4021 1518 4083 οὕνεκα
1541 4020 1612 4082 vovi

646 4135 875 4196 ἀποδοῦναί
903 4158 968 4211 μοι
1000 4134 1055 4212 τὴν
1079 4135 1166 4213 χάριν
1190 4135 1268 4212 ὑμᾶς
1293 4135 1372 4208 εἰκὸς
1395 4134 1446 4195 καί
1470 4135 1628 4212 μνήμονας
1651 4129 1740 4194 εἶναι.

644 4249 770 4328 καὶγὰρ
792 4251 936 4327 πρότερον
956 4249 1072 4324 πράξας
1093 4248 1169 4308 κατά
1189 4259 1265 4309 νοῦν
1287 4248 1354 4327 οὐχὶ
1374 4250 1558 4326 παλαίστρας
1581 4257 1818 4325 περινοστῶν

645 4364 756 4434 παῖδας
779 4362 793 4423 ί
801 4363 866 4423 πεί
872 4387 962 4440 ρων,
986 4358 1046 4422 ἀλλ’
1074 4361 1225 4440 ἀράμενος
1245 4362 1300 4439 τὴν
1321 4362 1435 4441 σκευὴν
1455 4362 1551 4434 εὐθὺς
1572 4360 1749 4440 ἐχώρουν
1770 4359 1817 4421 ιιτὲ,

633 4597 653 4657 ¹)
671 4599 703 4645 In
720 4598 740 4645 V
757 4598 836 4643 etism
853 4609 948 4643 manns
966 4598 994 4643 1·
1011 4596 1084 4642 dedit
1100 4599 1204 4642 τάλαντα
1221 4599 1303 4650 πολλά,
1321 4597 1368 4642 sed
1386 4609 1444 4642 cum
1462 4596 1542 4642 latins
1559 4596 1624 4642 haec
1640 4596 1723 4642 verbs
1738 4608 1818 4642 excur-

598 4681 694 4726 rissent
717 4677 745 4723 in
770 4677 914 4734 marginem
937 4676 1045 4723 scholiis
1068 4676 1238 4733 destinatum,
1260 4679 1391 4722 corrector
1417 4688 1447 4721 es
1469 4675 1576 4732 delevit,
1598 4675 1659 4721 dein
1679 4663 1818 4722 ¹artioribus

597 4759 741 4806 litteris-
760 4759 791 4802 ut
807 4755 869 4801 alibi
887 4755 983 4813 passim
1004 4781 1034 4788 —
1058 4755 1148 4801 eadem
1167 4755 1281 4814 scripsit.

631 4837 653 4897 ¹)
670 4835 776 4885 Mittere
793 4848 862 4882 nnnc
879 4835 942 4881 licet
959 4848 1051 4882 versus
1068 4836 1146 4895 Vesp.
1165 4836 1230 4882 1035
1241 4851 1273 4871 =
1284 4837 1343 4882 Pac.
1362 4837 1411 4883 ‘lde
1429 4835 1509 4881 verbs
1525 4847 1578 4880 non
1594 4837 1667 4881 reote
1685 4836 1804 4883 ordinata.
