4067 5950
574 715 640 775 844
1017 729 1060 773 nn
1083 728 1191 774 nnxnu
1214 728 1366 774 resono.

571 916 672 975 quam
707 902 873 962 corrector
907 900 1143 974 superscripsit
1177 897 1292 960 littera
1325 921 1344 957 ν
1379 902 1438 960 aut
1468 923 1487 957 α
1519 904 1607 970 (nam
1638 899 1713 959 lectu
1733 902 1779 957 est

571 1014 744 1085 difficilior)
768 1016 944 1075 exaratum
968 1014 1058 1073 esset

842 1120 963 1203 ἐμέλλετ’
990 1122 1050 1203 ἄρα
1072 1123 1184 1197 πάντες
1207 1122 1360 1185 ἅνασείειν
1384 1125 1462 1203 βοήν
1487 1126 1541 1187 vel
1563 1125 1649 1204 βοάς,

571 1241 834 1315 quotusquisque
867 1239 972 1301 lector
1005 1239 1171 1300 dubitaret
1206 1240 1285 1313 quin
1321 1240 1466 1315 genuina
1501 1241 1592 1300 esset
1621 1254 1659 1299 ea
1687 1238 1785 1312 lectio,

570 1353 664 1414 solus
686 1354 788 1429 igitur
812 1356 970 1415 accentus
993 1352 1176 1429 particulae
1200 1350 1259 1430 ἄρα
1283 1354 1466 1415 mutandus
1486 1356 1600 1414 esset?
1622 1353 1698 1413 Nam
1715 1352 1787 1411 illud

571 1463 723 1526 ἀνατείειν
753 1466 833 1543 βοήν
863 1457 1008 1542 speciem
1041 1467 1142 1527 habet
1173 1467 1331 1542 aliquam.
1363 1468 1409 1529 Ne
1442 1482 1531 1528 nunc
1559 1467 1687 1541 quidem
1708 1464 1787 1524 dubi-

569 1583 685 1641 tarunt
715 1580 858 1641 editores
890 1595 995 1654 usque
1026 1583 1066 1642 ad
1097 1581 1299 1659 Dobraeum,
1332 1584 1366 1643 et
1395 1584 1473 1657 post
1503 1580 1688 1642 Dobraeum
1708 1578 1790 1638 fuere

570 1694 626 1767 qui
656 1710 722 1755 non
753 1693 953 1755 dubitarent.
977 1694 1037 1754 Est
1061 1698 1174 1756 tamen
1201 1695 1320 1772 „plene
1344 1710 1447 1757 sensu
1470 1710 1616 1755 vacuum
1640 1696 1671 1753 et
1692 1692 1791 1751 absur-

573 1809 677 1870 dum”
695 1804 727 1886 1ι,
748 1811 782 1869 et
802 1808 899 1868 unice
918 1808 1046 1869 comico
1066 1808 1202 1883 dignum
1223 1809 1327 1869 estid
1346 1809 1432 1883 quod
1451 1809 1602 1869 restituit
1619 1807 1792 1868 Dobraeus:

841 1915 965 1999 ἐμέλλετ’
992 1917 1052 1998 ᾶρα
1076 1920 1211 1992 πάντας
1235 1919 1384 1998 ἀνήσειν
1403 1929 1469 1998 τῆς
1492 1921 1584 2000 βοῆς,

454 2084 457 2090 .
573 2052 652 2098 nam
681 2037 730 2098 sic
758 2037 895 2098 demum
926 2051 1023 2098 suam
1055 2036 1123 2096 vim
1154 2036 1281 2098 obtinet
1311 2036 1392 2097 illud
1427 2033 1579 2113 ,ἐμέλλετε
1609 2031 1699 2111 ἄρα’,
1724 2034 1742 2092 i.
1767 2046 1792 2091 e.

575 2149 653 2227 ,oin
674 2147 821 2229 ἠγόρευον
829 2152 861 2223 ;”
876 2150 974 2226 probe
992 2166 1119 2211 ιιονοινι.
1143 2151 1214 2226 „Ita
1232 2150 1377 2224 loquitur
1396 2151 1452 2224 qui
1476 2166 1519 2211 ex
1542 2149 1718 2211 certamine
1740 2149 1794 2206 aut

573 2264 784 2325 contentione
802 2264 909 2325 multo
929 2263 1041 2324 labore
1058 2263 1196 2325 tandem
1217 2264 1372 2325 discessit
1389 2265 1562 2339 superior’'
1579 2258 1671 2339 ²),ut
1687 2260 1797 2333 Diony·
1865 2240 1866 2326 λ

572 2393 631 2440 sue
654 2378 688 2438 in
712 2378 833 2439 Ranis:

841 2489 963 2568 ἔμελλον
986 2488 1045 2570 ἄρα
1069 2486 1141 2552 ποθ’
1168 2490 1246 2569 ὑμᾶς
1269 2493 1399 2553 παύσειν
1421 2501 1476 2553 τοῦ
1499 2492 1582 2565 κοάξ.

617 2606 739 2667 Eodem
758 2605 866 2666 tendit
884 2606 1091 2667 Ravennatis
1110 2607 1210 2668 lectio
1229 2608 1312 2669 Ach.
1327 2608 1402 2685 742,
1422 2607 1478 2669 ubi
1491 2607 1646 2683 puellulis
1657 2605 1800 2665 minatus

573 2719 817 2780 Acharnensis:
843 2716 892 2777 ναλ
917 2717 970 2778 τὸν
988 2714 1107 2798 Ἑρμᾶν
1132 2754 1172 2763 -
1198 2721 1245 2781 ait
1270 2755 1310 2764 —

1110 2833 1192 2912 εἴπερ
1216 2828 1298 2906 ιξεῖτ’
1325 2834 1441 2906 οἴκαδις

841 2944 884 3007 τὰ
915 2955 1048 3025 πρῶτα
1072 2953 1268 3026 πειρασεισθι
1292 2946 1343 3021 τᾶς
1366 2952 1456 3026 λιμοῦ
1475 2956 1584 3020 κακῶς.

574 3063 628 3123 Sic
646 3063 687 3139 R,
709 3062 743 3122 in
762 3062 868 3136 signis
886 3061 1069 3123 scribendis
1088 3064 1326 3140 neglegentior,
1343 3065 1644 3138 nequedorismum
1657 3073 1800 3122 servans.

575 3176 663 3253 Quae
686 3178 862 3252 postquam
888 3179 1037 3237 correcta
1059 3180 1140 3237 sunt
1162 3177 1259 3254 vitia,
1283 3177 1317 3238 in
1341 3177 1450 3238 verbis
1865 3205 1866 3271 ρ

1112 3289 1200 3369 αἴπερ
1224 3285 1306 3363 ἱξεῖτ’
1332 3290 1449 3363 οἴκαδις

840 3400 884 3462 τὰ
914 3411 1042 3481 πρᾶτα
1072 3408 1267 3479 πειρασεῖσθε
1290 3413 1341 3476 τᾶς
1365 3408 1455 3480 λιμοῦ
1479 3412 1578 3475 κακῶς
1865 3388 1866 3453 λ

573 3520 705 3595 gravior
736 3534 826 3580 error
856 3519 1049 3594 agnoscitur
1080 3519 1232 3595 demum,
1265 3535 1342 3580 nam
1374 3523 1472 3595 poeta
1502 3518 1638 3580 dederat
1664 3517 1697 3577 id
1721 3514 1801 3589 quod
1865 3549 1866 3553 =

573 3633 721 3694 restituit
752 3633 899 3694 Aureus:
932 3629 1095 3709 ἄπρατα.
1127 3633 1287 3694 Ενιιτονινιι
1314 3635 1350 3694 νιι·
1371 3634 1563 3708 inueneritis,
1583 3632 1672 3707 some
1695 3631 1801 3690 misere

569 3747 721 3823 peribitis
745 3747 830 3822 Ergo
854 3747 888 3806 in
911 3746 1196 3808 deterius'textus
1219 3747 1345 3808 sensim
1362 3748 1419 3808 sic
1441 3747 1526 3808 ruit:

618 3858 751 3937 ᾶπροιτα,
780 3855 801 3918 dl
831 3868 944 3935 πρᾶτα,
973 3857 1009 3919 τὰ
1040 3869 1140 3937 πρᾶτα
1171 3860 1231 3931 (sic
1260 3861 1351 3921 codd.
1376 3860 1549 3936 nonnulli),
1574 3858 1609 3918 τὰ
1631 3868 1751 3937 πρᾶτα,
1773 3859 1802 3916 θλ

574 3991 650 4036 cum
675 3990 712 4035 eo
737 3973 925 4050 corruptela
947 3975 1172 4050 pervenisset,
1198 3977 1356 4035 exaratus
1380 3978 1433 4034 ost
1455 3975 1493 4035 R.

617 4089 688 4148 Non
711 4088 821 4147 minus
840 4090 956 4163 aperta
975 4088 1237 4163 paradiorthoeis
1256 4091 1308 4148 est
1328 4088 1404 4163 Lye.
1426 4089 1502 4165 645,
1524 4087 1580 4147 ubi
1599 4087 1627 4146 R
1647 4086 1799 4148 absurde:

841 4199 1090 4279 καταχέουσα
1114 4200 1167 4260 τὸν
1190 4200 1344 4280 κροκωτὸν
1368 4199 1475 4278 ᾶριιτος
1498 4193 1518 4278 ἦ
1543 4201 1761 4279 Βραυρωνίοις.

574 4314 697 4374 Verum
720 4314 857 4389 praebet
879 4316 983 4377 codex
1006 4315 1153 4376 deterior
1175 4318 1217 4375 P:

840 4426 1083 4507 κατέχουσα,

1865 5253 1866 5288 l

608 4705 628 4764 ¹)
646 4711 729 4759 cobet
746 4712 777 4759 u.
793 4713 824 4760 n.
841 4727 866 4773 p.
885 4714 942 4759 τοο.

607 4786 629 4851 ²)
646 4790 730 4838 Oobet
746 4792 764 4838 l.
783 4793 801 4838 l.
