4067 5950
718 871 797 915 vrrs
820 871 859 915 33
883 871 1053 916 ornamus.
1457 859 1498 916 61

269 1045 304 1103 31
328 1043 521 1103 constanter
547 1075 586 1086 -
611 1043 714 1104 etiam
743 1043 777 1102 in
808 1041 920 1103 fabula
942 1042 1041 1104 bodie
1064 1043 1248 1120 deperdita,
1274 1058 1373 1116 quam
1399 1044 1503 1104 Naoee

269 1156 437 1217 onerarias
463 1156 682 1232 nuncupavit,
711 1156 854 1216 fortasse
878 1157 979 1217 etiam
1003 1156 1038 1216 13
1065 1155 1218 1232 agricolis
1243 1191 1283 1202 —
1308 1158 1419 1219 caedis
1442 1158 1504 1219 ira·

269 1271 387 1330 ternae
418 1267 518 1330 finem
548 1267 618 1330 fleri
645 1269 814 1330 iusserat?
844 1269 960 1330 Nonne
983 1271 1065 1331 diris
1091 1271 1358 1334 mordacissimis
1380 1271 1504 1333 bellum

268 1381 516 1444 internecivum
547 1384 726 1444 devoverat
752 1386 786 1443 et
815 1383 918 1444 fronti
948 1384 1125 1458 perfrictae
1153 1385 1327 1446 hominum
1351 1386 1503 1447 scelesto·

269 1511 363 1572 rum,
400 1497 456 1569 qui
491 1497 615 1558 civium
648 1497 717 1557 iras
755 1500 788 1558 et
823 1496 898 1558 odia
932 1497 1167 1574 stimulabant,
1199 1499 1358 1560 infamiae
1389 1502 1504 1560 uotam

270 1612 464 1672 inusserat?
494 1610 531 1671 In
561 1609 681 1672 Gleone
703 1610 856 1672 iacebant
880 1610 947 1670 iam
971 1626 1075 1671 saeva
1096 1611 1156 1672 1113
1179 1612 1293 1673 studia
1315 1628 1419 1687 usque
1442 1613 1506 1674 bel·

269 1726 378 1803 laudi,
410 1728 445 1787 31
476 1726 517 1786 ad
548 1725 643 1786 illum
673 1725 880 1786 deiciendum
910 1740 1010 1799 quam
1041 1725 1171 1787 fortiter
1202 1727 1291 1788 vires
1320 1726 1507 1787 intenderat

270 1840 533 1915 Aristophanesi
569 1838 630 1914 Qui
664 1853 746 1912 quae
788 1837 911 1899 aemuli
947 1839 1050 1899 invidi
1084 1839 1117 1898 13
1152 1814 1262 1913 ipsum
1297 1840 1507 1900 lactaverant

270 1953 426 2030 dicteria,
459 1953 624 2014 comicum
657 1951 822 2026 quendam
853 1951 1032 2012 Herculem
1063 1955 1296 2027 nuncupantes
1328 1956 1361 2013 et
1386 1968 1507 2014 scenae

270 2066 532 2140 mercenarium,
565 2064 684 2141 quippe
715 2065 772 2138 qui
802 2064 923 2125 fabulis
947 2079 1012 2124 non
1037 2080 1097 2125 suo
1121 2065 1257 2125 nomine
1280 2066 1314 2126 13
1338 2068 1506 2127 certamen

271 2179 468 2240 commissis
502 2178 612 2239 lamae
647 2178 776 2239 3113333
810 2177 974 2239 inservire
1009 2177 1146 2251 soleret,
1181 2177 1271 2239 felici
1302 2179 1440 2240 audacia
1474 2179 1508 2241 iu

271 2293 395 2354 mellus
426 2294 626 2355 convertens
658 2291 857 2368 „Herculem
888 2307 943 2353 me
974 2291 1130 2354 dicitis?”
1162 2291 1338 2353 clamavit:
1364 2308 1506 2369 ,nomen

274 2410 331 2484 ,et
366 2422 464 2467 omen
498 2407 609 2468 laetus
643 2406 777 2482 accipio.
815 2405 923 2467 Unam
954 2409 1043 2467 certe
1073 2407 1141 2466 iam
1169 2405 1370 2467 debellatam
1402 2407 1507 2468 habeo

275 2519 450 2597 ,beluam;
485 2535 564 2581 uam
602 2519 741 2581 Alciden
779 2518 874 2580 illum
909 2519 1063 2580 imitatus
1093 2534 1210 2580 canem
1246 2520 1412 2594 quendam
1442 2521 1508 2581 vici

275 2634 469 2710 ,Stygium
495 2633 589 2696 ouius
616 2637 714 2709 eaput
738 2633 831 2693 rabie
857 2632 1025 2693 tumidum
1053 2632 1373 2694 circumlambebaut
1399 2635 1507 2695 adula—

276 2751 408 2824 ,torum
441 2747 575 2822 linguae
609 2746 799 2823 pestiferae,
832 2748 865 2807 et
898 2747 984 2806 oculi
1015 2746 1309 2821 impudentissima
1337 2748 1510 2822 fulgebant

276 2861 454 2936 ,avaritia,
480 2863 514 2921 et
536 2876 604 2921 vox
627 2862 698 2922 erat
719 2859 879 2920 torrentis
898 2861 973 2935 post
994 2861 1233 2934 tempestatem
1253 2875 1310 2935 per
1329 2862 1402 2922 avia
1424 2877 1509 2922 saxa

275 2976 439 3051 ,ruentis
458 2974 548 3051 Quod
569 2976 756 3036 monstrum
776 2972 986 3034 teterrimum
1007 2989 1067 3049 ego
1085 2974 1179 3035 solus
1197 2989 1263 3035 non
1276 2975 1508 3051 reformidavi,

276 3104 366 3165 ,non
391 3090 508 3166 vitavi,
534 3091 592 3151 sed
616 3091 802 3165 correptum
827 3088 969 3164 detinui,
993 3088 1098 3150 donec
1120 3089 1223 3149 iacuit
1244 3092 1452 3166 prostratum
1476 3092 1511 3149 et

276 3203 401 3279 ,iners
425 3204 563 3278 Iamque
586 3204 642 3264 ubi
665 3206 744 3265 3331
767 3203 899 3264 cerberi
923 3203 1013 3265 illius
1037 3204 1195 3265 minae?”

320 3318 481 3393 Ineptens
499 3316 673 3393 gloriantis
692 3317 798 3378 haec?
818 3316 994 3379 Pueriliter
1009 3332 1104 3393 sane,
1127 3318 1185 3379 sed
1203 3318 1272 3379 veri
1291 3320 1408 3393 poetae
1427 3318 1509 3378 baec

273 3431 340 3492 luit
369 3431 551 3506 puerilitas.
582 3428 683 3491 Gutus
713 3430 837 3491 auditis
859 3430 968 3492 verbis
994 3432 1118 3505 partim
1142 3432 1229 3491 serio
1252 3432 1374 3507 partim
1399 3432 1509 3493 iocose

274 3546 327 3606 sic
351 3544 571 3605 iactantis-
594 3543 745 3618 magisne
767 3543 877 3604 133333
901 3557 942 3603 33
967 3544 1068 3619 serio,
1093 3545 1230 3618 rogatus
1251 3558 1317 3605 333
1337 3544 1511 3605 habuisset

274 3659 387 3719 dicere
411 3658 503 3717 —si
526 3657 600 3731 quis
622 3656 816 3717 recordetur
838 3655 965 3731 lepidae
989 3655 1132 3717 fabellae
1155 3670 1239 3730 quae
1263 3659 1315 3717 est
1334 3656 1373 3717 de
1393 3670 1511 3717 musca

273 3772 311 3831 13
335 3773 470 3832 temone
493 3768 653 3844 sedentis,
678 3768 740 3829 boc
763 3784 891 3843 quoque
911 3784 1025 3830 secum
1045 3771 1211 3844 reputato,
1231 3768 1406 3843 iumentis,
1427 3782 1511 3842 quae

275 3886 473 3960 carpentum
498 3900 515 3944 e
539 3898 641 3944 coeno
664 3884 898 3958 extraxerunt,
922 3898 1020 3958 porro
1043 3883 1246 3958 pergendum
1266 3896 1347 3941 mox
1365 3880 1434 3941 iore
1453 3895 1511 3956 per

275 3999 464 4058 stratarum
495 3995 627 4057 viarum
658 3996 781 4071 taedia,
813 4010 965 4056 muscam
1001 3994 1064 4057 3113
1096 3996 1246 4055 extensis
1277 4009 1410 4055 sursum
1440 4008 1508 4068 pro·

276 4108 480 4186 velaturam,
513 4109 600 4169 aeris
630 4108 774 4169 incolam
805 4108 954 4169 liberam.
985 4107 1065 4168 'Pam
1098 4105 1276 4182 magnifice
1306 4106 1372 4168 nisi
1404 4106 1443 4166 de
1474 4121 1510 4166 33

275 4238 405 4297 suaque
428 4224 499 4283 arte
523 4221 688 4283 sensisset
711 4224 822 4298 poeta,
848 4236 912 4282 non
937 4222 966 4281 is
989 4236 1086 4295 quem
1112 4221 1268 4281 novimus
1293 4220 1402 4280 133133
1422 4224 1513 4280 33331

274 4334 530 4411 Aristophanes.
555 4334 714 4395 Iuvenem
736 4334 887 4394 sinamus
906 4333 1102 4394 felicissimo
1123 4333 1225 4392 errori
1246 4332 1433 4407 indulgeret
1454 4332 1513 4392 Sat

276 4449 346 4509 cito
379 4448 561 4523 eripientur
588 4446 619 4507 ei
641 4461 725 4520 quae
749 4445 899 4520 concepit
922 4445 1043 4519 gaudia
1065 4445 1193 4504 maiora
1215 4459 1316 4518 quam
1342 4460 1400 4521 pro
1424 4446 1512 4506 vitae

275 4563 447 4621 humanas
471 4559 602 4620 casibus
625 4558 728 4620 variis
751 4561 785 4619 31
808 4556 1019 4633 ancipitibus.

324 4786 421 4847 Nova
443 4785 555 4847 fabule
577 4785 664 4847 unde
688 4788 778 4846 esset
801 4785 949 4846 ducenda
971 4784 1113 4844 minime
1137 4784 1203 4844 iam
1225 4784 1338 4845 311311
1361 4785 1510 4862 dubium,

278 4902 314 4961 31
337 4899 367 4960 31
387 4913 488 4973 quam
512 4896 687 4959 materiem
707 4913 765 4973 per
787 4898 949 4958 aestatem
970 4900 1003 4958 et
1022 4898 1240 4957 auctumnum
1265 4897 1404 4959 molitus
1427 4903 1513 4975 erat,
