4067 5950
726 821 807 867 vrrn
833 821 1065 869 proruamus.
1466 813 1508 872 59

274 995 393 1056 adesse
416 996 546 1070 possint
554 1011 562 1066 ;
584 995 659 1054 dein
686 995 716 1053 si
739 993 861 1054 faverit
884 1008 976 1070 sors,
1001 994 1178 1068 postquam
1202 995 1359 1056 sederunt
1381 999 1415 1057 et
1437 1013 1508 1058 sen·

273 1109 416 1169 tentiam
451 1109 617 1185 tulerunt,
653 1123 730 1168 cum
765 1108 952 1168 triuummo
988 1124 1050 1169 suo
1085 1108 1165 1169 laeti
1195 1113 1423 1187 revertuntur,
1458 1113 1512 1171 est

274 1222 364 1282 enim
398 1223 484 1283 unde
515 1223 610 1283 uxori
642 1223 676 1281 et
698 1221 810 1281 liberis
833 1220 930 1282 bodie
953 1220 1151 1296 praebeatur
1175 1222 1326 1298 polenta;
1351 1225 1403 1284 sin
1426 1225 1509 1285 desi·

274 1336 369 1410 gnati
402 1349 467 1395 non
499 1334 639 1412 tuerint,
670 1333 786 1394 vacuis
817 1332 973 1393 manibus
1004 1335 1142 1396 domum
1173 1337 1342 1410 repetunt:
1366 1352 1431 1397 non
1454 1336 1508 1397 ha-

273 1451 354 1510 bent
378 1449 466 1511 unde
489 1463 606 1524 peram
630 1447 804 1509 flaccidam
828 1447 994 1523 repleant,
1020 1449 1160 1510 moestis
1184 1449 1384 1510 clamoribus
1402 1466 1421 1511 a
1439 1451 1510 1511 suis

273 1563 488 1639 recipiuntur,
523 1562 683 1635 quoniam
719 1560 931 1621 esuriendum
972 1560 1069 1622 hodie
1103 1562 1166 1622 erit
1200 1562 1365 1623 omnibus.
1401 1563 1510 1624 Hocce

274 1675 430 1737 videlicet
463 1674 642 1751 imperium
678 1677 754 1750 post
788 1673 881 1733 mille
916 1673 1048 1734 labores
1082 1689 1140 1750 per
1174 1676 1282 1736 maria
1315 1691 1373 1752 per
1402 1678 1510 1737 terras

269 1788 466 1850 exantlatos
498 1789 635 1848 strenua
657 1787 783 1847 virtute
805 1786 869 1846 sibi
892 1790 1092 1862 pepererunt
1114 1786 1270 1849 Graeciae
1293 1787 1343 1848 illi
1366 1789 1507 1850 dominil

319 2013 465 2074 Fabulae
499 2013 595 2074 initio
626 2014 690 2074 duo
725 2013 813 2073 servi
848 2011 1077 2088 adspiciuntur
1111 2015 1190 2074 ante
1220 2014 1319 2076 aedes
1348 2016 1508 2089 quasdam

272 2127 408 2188 clausas
432 2127 602 2201 sedentes,
628 2125 661 2186 in
685 2129 773 2186 tecto
797 2127 911 2186 autern
936 2125 1095 2186 excubias
1118 2127 1187 2201 agit
1209 2126 1319 2189 herus.
1344 2128 1397 2188 Sic
1420 2128 1509 2189 enim

271 2240 317 2300 iis
340 2242 440 2301 noctu
463 2238 681 2300 custodienda
704 2241 756 2298 est
779 2253 881 2299 saeva
904 2238 1010 2299 belua.
1034 2239 1180 2300 Beluane
1203 2239 1359 2317 Athenis,
1384 2242 1418 2300 in
1437 2241 1510 2316 ipsa

271 2352 333 2413 illa
368 2353 445 2414 sede
480 2353 677 2414 musarum?
711 2352 776 2428 Ita,
813 2366 879 2412 non
913 2353 1028 2412 tamen
1067 2353 1269 2429 quadrupes,
1312 2354 1370 2414 sed
1405 2353 1508 2429 bipes.

271 2467 401 2540 Nempe
425 2465 497 2526 heri
520 2466 614 2540 pater
638 2465 724 2540 apud
747 2464 859 2540 ipsum
883 2463 1039 2525 habitans
1061 2466 1146 2527 miro
1168 2466 1381 2540 inauditoque
1400 2467 1509 2527 furore

274 2581 331 2640 est
363 2581 543 2654 correptus.
576 2577 623 2638 Ut
653 2577 737 2638 alios
767 2577 903 2638 morbus
933 2578 1047 2653 regius
1078 2578 1130 2639 vel
1154 2578 1292 2640 morbus
1315 2579 1507 2658 comitialis,

274 2693 325 2752 sic
363 2707 441 2753 eum
472 2691 598 2751 invasit
628 2691 765 2751 morbus
796 2690 972 2767 iudicialis,
1005 2691 1134 2752 malum
1158 2692 1509 2770 vehementissimum,

272 2807 364 2879 quod
387 2807 594 2879 requiescere
618 2805 782 2864 miserum
808 2818 923 2864 senem
948 2820 1013 2865 11011
1038 2805 1130 2866 sinit.
1163 2804 1245 2881 Quid
1274 2820 1340 2866 non
1364 2807 1509 2868 tentavit

271 2919 363 2981 filius
387 2923 425 2979 ut
449 2922 578 2995 patrem
603 2919 814 2980 carissimum
838 2920 990 2979 sanaret!
1024 2918 1160 3005 Balneis
1184 2921 1216 2980 et
1240 2919 1506 2982 incubationibus

269 3038 305 3095 et
340 3034 622 3095 incantationibus
663 3035 795 3108 pestem
836 3032 931 3093 illam
966 3032 1162 3093 sollicitavit
1199 3034 1338 3107 frustra,
1374 3034 1507 3108 iamque

269 3149 439 3209 inclusum
470 3148 562 3208 intus
585 3150 692 3224 tenet,
725 3148 874 3208 certent
898 3149 1011 3207 teneat
1035 3160 1172 3222 operam
1196 3148 1253 3207 dat
1276 3162 1424 3225 omnem,
1450 3150 1507 3209 sed

270 3264 371 3323 modo
413 3260 598 3335 parietibus
640 3259 783 3321 insultat
824 3259 924 3320 homo
966 3263 1125 3335 aegrotus
1159 3261 1376 3333 quantumvis
1410 3262 1508 3322 annis

269 3378 429 3450 onustus,
455 3374 555 3434 modo
579 3388 636 3449 per
660 3373 830 3433 caminum
855 3372 910 3433 vel
933 3388 991 3447 per
1014 3375 1126 3433 truam
1149 3373 1333 3434 subducere
1356 3390 1393 3435 se
1414 3390 1505 3435 cona·

268 3493 343 3561 tur;
369 3490 402 3548 et
425 3488 491 3547 nisi
516 3487 647 3548 clausae
668 3502 801 3562 semper
821 3489 935 3546 essent
953 3488 1137 3563 fenestrae,
1157 3488 1272 3548 clausa
1291 3491 1381 3548 esset
1393 3490 1506 3566 ianua,

267 3602 398 3662 retibus
430 3600 507 3661 aula
539 3604 631 3660 esset
662 3600 808 3677 obtecta,
841 3601 964 3661 dudum
996 3601 1086 3661 foras
1117 3602 1293 3662 evasisset.
1316 3602 1507 3663 Philocleon

267 3716 344 3776 seni
369 3717 420 3775 est
445 3729 582 3790 nomen,
607 3713 807 3787 Bdelyclaon
830 3712 912 3790 filio,
934 3714 1018 3775 alter
1037 3714 1139 3789 igitur
1158 3715 1343 3775 abominari
1361 3731 1398 3776 ae
1418 3716 1505 3777 (lieo-

267 3845 365 3905 nem,
392 3828 474 3889 alter
499 3828 635 3901 diligere
658 3831 692 3888 et
715 3828 872 3888 admirari
896 3830 968 3902 ipso
992 3830 1128 3889 nomine
1151 3827 1335 3904 profitetur.

314 3942 454 4015 Iamque
490 3940 672 4001 diluculum
708 3944 761 4001 est
796 3945 830 4001 et
864 3943 956 4002 senis
990 3943 1116 4003 adsunt
1149 3942 1295 4019 sodaleS,
1331 3944 1364 4001 in
1396 3943 1504 4003 forum

268 4070 364 4116 more
395 4055 494 4115 solito
517 4056 625 4130 primo
649 4070 747 4116 mane
771 4055 932 4117 abeuntes
956 4059 990 4115 et
1013 4055 1260 4117 Philocleonem
1284 4072 1302 4117 e
1325 4056 1423 4117 domo
1444 4072 1507 4117 sua

268 4172 468 4247 evocanteS,
497 4171 535 4229 nt
558 4169 648 4244 ipsos
672 4170 858 4230 comitetur.
887 4171 1009 4231 Audito
1033 4172 1146 4230 autem
1171 4171 1246 4243 quid
1269 4172 1317 4231 rei
1340 4171 1400 4247 sit,
1424 4171 1503 4232 fero·

270 4284 412 4343 cissima
443 4284 525 4344 haec
556 4281 758 4344 crabronum
792 4284 978 4345 Atticorum
1012 4299 1106 4360 gens,
1131 4299 1214 4358 quae
1237 4286 1335 4358 longo
1359 4288 1393 4345 et
1414 4300 1503 4359 prae·

267 4399 368 4456 acuto
393 4396 515 4471 angulo
538 4399 591 4456 est
621 4398 766 4474 munita,
799 4398 946 4458 amicum
969 4398 1002 4458 vi
1026 4397 1167 4458 liberare
1190 4404 1339 4461 conatur.
1363 4400 1400 4460 ln
1423 4399 1503 4457 Bde-

267 4511 457 4585 lycleonem
474 4511 609 4583 eiusque
630 4512 803 4572 ministros
822 4510 860 4571 fit
879 4512 1040 4588 impetus,
1066 4515 1201 4573 aestuat
1219 4527 1343 4588 pugna,
1369 4513 1504 4573 tandem

268 4623 374 4684 efficit
397 4624 591 4685 adolescens
614 4628 652 4686 ut
674 4626 803 4686 dicendi
827 4627 891 4686 sibi
913 4625 971 4686 flat
994 4626 1151 4702 facultae,
1173 4628 1248 4688 dein
1268 4628 1355 4703 patri
1375 4629 1503 4688 ceteris·

267 4753 333 4811 que
367 4737 504 4799 senibus
540 4739 809 4799 demonstratum
843 4740 882 4815 it,
921 4740 1030 4800 satius
1060 4741 1102 4799 iis
1133 4757 1207 4801 esse
1240 4743 1333 4802 domi
1369 4758 1503 4802 manere

266 4852 387 4912 otiosis
410 4867 511 4925 quam
534 4853 624 4913 dirae
647 4853 705 4913 isti
728 4854 781 4914 ius
804 4854 934 4915 dicendi
957 4855 1086 4916 libidini
1110 4856 1290 4931 indulgere.
1315 4857 1504 4917 Audiendos
