4067 5950
409 1592 487 1683 De
515 1590 836 1681 fabularum
863 1585 1269 1701 Aristophanis

627 1732 795 1825 textu
831 1730 1054 1820 tradito.

718 1995 961 2006 ...ι-.-

425 2174 458 2251 Ι.
484 2173 553 2251 De
576 2173 872 2254 editionibus
895 2172 1261 2271 antiquissimis.

742 2426 937 2436 —

272 2623 413 2685 Fabulae
442 2625 664 2701 quadraginta
693 2627 836 2700 quatuor
865 2624 1106 2701 Aristophanes
1135 2622 1309 2699 scripsisse
1338 2621 1457 2683 dicitur

234 2736 264 2797 in
294 2736 373 2797 Vita
389 2733 429 2812 ¹);
457 2739 530 2800 sive
553 2738 664 2815 plures
687 2753 754 2801 non
776 2738 871 2815 iecit,
894 2738 966 2800 slve
988 2739 1121 2814 spretae
1144 2736 1305 2811 quaedam
1329 2735 1456 2797 aliasve

234 2850 269 2909 ob
302 2865 422 2912 causas
456 2852 584 2929 pridem
619 2853 828 2915 interierunt.
857 2852 1000 2914 Additur
1029 2851 1115 2913 illic:
1153 2852 1315 2927 ,quatuor
1343 2848 1454 2909 Pocein

234 2963 433 3041 Naufrapum
464 2965 593 3029 Insulae
615 2965 755 3028 Niobam
778 2983 798 3028 a
821 2966 1018 3042 quibusdam
1042 2965 1207 3042 Archippo
1229 2964 1332 3027 luisse
1354 2963 1454 3024 tribu·

233 3080 313 3139 tae.''
333 3079 422 3155 Quae
441 3080 551 3156 opinio
570 3080 602 3140 1⁰
620 3081 758 3142 demum
777 3080 831 3142 vel
851 3081 899 3140 ΙΙο
917 3082 994 3156 post
1009 3078 1180 3142 Christum
1194 3081 1311 3141 natum
1323 3076 1456 3139 saeculo

233 3195 277 3251 est
309 3194 383 3253 orta
396 3186 434 3270 ²),
468 3208 571 3255 causa
605 3196 718 3257 autem
751 3195 884 3255 videtur
913 3193 1018 3255 tuisse
1049 3193 1138 3255 male
1167 3193 1255 3254 lecta
1283 3191 1454 3266 inscriptio

232 3304 390 3383 editionis,
423 3306 517 3367 cuius
539 3307 673 3382 singule
695 3308 867 3369 volumina
889 3309 1031 3383 quatuor
1054 3306 1242 3369 comoedias
1263 3291 1476 3380 compleote'

232 3421 347 3497 rentur,
371 3422 458 3479 APX
474 3435 534 3497 pro
556 3416 661 3483 APIG
675 3413 710 3492 ⁸).

271 3532 493 3609 Quadraginta
521 3536 662 3608 quatuor
693 3533 881 3596 tabularum
905 3535 1043 3596 nomina
1065 3549 1183 3596 revera
1206 3534 1368 3595 habemus
1391 3536 1454 3594 tra·

232 3644 304 3706 dita.
326 3647 403 3709 Tria
425 3649 541 3709 tamen
564 3648 605 3709 de
628 3649 692 3710 hac
714 3663 850 3710 summa
869 3650 983 3724 utique
1002 3651 1084 3710 sunt
1103 3648 1279 3725 demenda,
1299 3648 1454 3723 quoniam

232 3756 326 3820 Nubes
356 3759 427 3820 Pax
449 3759 561 3821 Platae
583 3762 699 3823 olterm
730 3764 1037 3823 commemorantur
1059 3762 1191 3836 quidem
1215 3762 1268 3822 hic
1290 3761 1371 3838 illio,
1395 3761 1453 3822 sed

233 3871 334 3934 nullae
367 3873 502 3935 luerunt
521 3867 563 3950 ⁴);
593 3876 708 3950 itaque
738 3875 841 3937 etiem
869 3876 909 3937 de
936 3875 1144 3938 Acoicsicom‘e
1167 3876 1309 3937 editione
1332 3874 1453 3952 altere,

237 4007 445 4020 ξ-

262 4077 282 4141 ¹)
297 4082 311 4140 8
329 4084 369 4130 18.
387 4080 426 4130 Gi.
444 4095 526 4143 supra
542 4095 603 4143 pag.
623 4084 680 4132 1⁷4.
1320 4133 1321 4138 ,

260 4154 279 4223 ¹)
294 4161 356 4209 Post
378 4159 529 4220 Didymen,
553 4163 601 4221 qui
621 4163 773 4212 hodierum
790 4163 968 4224 fragmentum
988 4163 1121 4224 quoddam
1135 4164 1173 4211 ita
1190 4163 1266 4212 affert
1282 4166 1313 4212 nt
1329 4167 1456 4225 appareat

234 4249 284 4286 eum
306 4255 338 4288 ne
360 4242 497 4290 dubitasse
520 4242 627 4302 quidem
650 4245 713 4304 quin
729 4243 845 4304 genuina
867 4258 898 4292 ea
915 4247 987 4293 esset
1001 4243 1187 4305 Aristophanis
1204 4245 1295 4293 fabula
1312 4245 1357 4306 (ci.
1374 4245 1456 4292 schol.

232 4317 271 4365 lv.
287 4321 352 4380 ilo),
369 4322 416 4370 sed
433 4325 495 4370 ante
511 4323 657 4383 Pollucem,
673 4322 720 4385 qui
734 4324 768 4372 de
781 4322 879 4372 Insuiis
895 4325 986 4373 rabula
999 4324 1117 4385 loquitur
1131 4328 1161 4373 ut
1173 4325 1206 4372 de
1215 4328 1337 4386 suspecta
1347 4326 1392 4386 (lx
1402 4325 1454 4385 88).

232 4397 307 4447 Etiam
331 4397 359 4447 in
384 4401 472 4449 Photii
497 4400 578 4450 lexici
601 4416 633 4450 ea
657 4407 740 4464 parte,
762 4416 841 4463 quam
866 4417 952 4464 nuper
974 4403 1108 4463 evulgavit
1133 4405 1319 4466 Reitzenstein,
1346 4405 1453 4465 saepius

234 4474 403 4539 Aristophanis
429 4480 535 4529 Insulae
562 4484 706 4531 afferuntur
727 4484 796 4530 inter
818 4483 977 4532 documenta
998 4482 1121 4532 dictionis
1142 4485 1260 4544 idoneae,
1276 4485 1349 4534 nulla
1365 4484 1455 4534 addita

233 4559 355 4608 mentione
381 4560 491 4621 originis
507 4563 616 4622 dubiae;
633 4565 723 4624 itaque
740 4562 843 4625 priscm
859 4565 1054 4624 grammaticos,
1071 4565 1141 4613 unde
1158 4565 1256 4626 pendet
1271 4565 1391 4630 Phoiius,
1407 4580 1456 4628 pro

234 4638 335 4693 genuina
351 4638 478 4689 hahuisse
496 4639 570 4689 illam
589 4642 707 4691 iahuiaen
724 4643 786 4690 hinc
803 4656 909 4703 quoque
926 4647 1045 4704 apparet.

260 4711 281 4772 ⁸)
297 4717 390 4766 Ordine
408 4719 574 4781 alphabetico
587 4721 693 4770 iunctae
708 4724 783 4770 erant
797 4721 905 4769 iahulae
920 4725 1032 4782 Ναυαγός
1047 4727 1122 4782 heco«
1133 4727 1228 4788 Μορος.
1239 4748 1270 4762 -
1279 4721 1318 4772 Oi.
1327 4725 1454 4774 linones.

236 4793 291 4844 1888
308 4811 333 4857 p.
350 4799 494 4848 888-888.

262 4869 281 4932 ί)
297 4875 334 4924 01.
351 4879 464 4938 quaein
481 4876 679 4939 Prolegomenis
697 4880 731 4927 ad
748 4878 836 4944 Naba,
852 4879 949 4940 Pareae,
966 4879 1069 4930 Plataea
1086 4879 1230 4942 disputari.
