4067 5950
543 769 584 830 22
1060 789 1101 834 na
1124 788 1249 834 111111

541 968 641 1028 quam
664 954 845 1028 imaginem
869 973 889 1016 a
911 957 1067 1016 sensibus
1091 957 1266 1032 obiectam,
1290 957 1507 1032 cogitationes
1525 956 1649 1017 mentis
1668 970 1773 1032 snpra

541 1065 652 1126 studia
685 1065 802 1140 quibus
838 1067 956 1142 vulgus
990 1070 1163 1129 homiuum
1199 1069 1366 1129 detinetur
1400 1072 1534 1129 evectae
1568 1069 1623 1143 qui
1657 1070 1773 1144 potest

541 1179 673 1251 assequi
704 1180 755 1238 vel
786 1180 889 1240 etiam
920 1182 1005 1242 velle
1036 1183 1192 1255 assequi?
1223 1181 1347 1257 Rebus,
1379 1196 1461 1255 quas
1495 1182 1571 1242 inde
1601 1196 1621 1240 a
1650 1180 1772 1256 primis

543 1291 628 1351 vitae
659 1293 754 1352 annis
787 1295 936 1355 venerari
967 1294 1093 1370 didicit,
1126 1295 1278 1367 quioquid
1302 1295 1497 1355 adversatur
1519 1296 1577 1354 aut
1600 1294 1772 1354 adversari

544 1403 681 1479 videtur,
718 1404 748 1464 ei
781 1409 835 1465 est
867 1406 1124 1467 invisissimum.
1157 1407 1323 1467 Fabulosa
1356 1406 1445 1467 enim
1478 1407 1536 1467 illa
1570 1406 1675 1482 regio,
1710 1421 1772 1480 per

542 1531 641 1590 quam
668 1517 821 1579 lascivire
845 1520 925 1580 olim
955 1521 1083 1580 solebat
1107 1520 1278 1593 ingenium
1302 1520 1374 1580 eius
1396 1519 1534 1595 puerile,
1558 1519 1773 1580 sacrosancta

543 1629 573 1690 ei
602 1631 729 1690 mansit
757 1634 792 1692 et
820 1631 984 1693 laetorum
1015 1633 1257 1708 promissorum
1288 1633 1479 1694 etiamnunc
1505 1633 1635 1694 ridetur
1664 1633 1769 1692 ferax.

543 1741 698 1803 Errorum
722 1745 833 1804 autem
858 1745 1108 1806 refutandorum
1133 1746 1228 1806 illum
1251 1747 1418 1821 ardorem,
1442 1760 1505 1819 quo
1527 1745 1646 1819 flagrat
1667 1745 1770 1820 pbilo-

543 1856 678 1932 sophus,
710 1857 781 1931 ipse
805 1860 979 1919 aversatur
1002 1860 1036 1919 et
1059 1858 1287 1932 abominatur;
1310 1859 1446 1919 mittere
1469 1856 1611 1918 ludibria
1634 1857 1773 1932 puerilia

542 1970 669 2045 nequit,
694 1970 854 2042 quianon
876 1971 959 2047 vult,
980 1986 1045 2032 non
1065 1972 1137 2032 vult
1155 1973 1269 2032 autem
1289 1971 1366 2045 quia
1383 1974 1482 2046 poeta
1500 1972 1552 2030 est
1571 1973 1605 2030 et
1623 1971 1767 2045 iuvenis,

543 2096 607 2141 nou
638 2081 687 2142 vir
716 2082 965 2158 disciplinarum
996 2085 1106 2144 studio
1134 2084 1274 2159 longove
1301 2085 1390 2144 vitae
1419 2099 1481 2144 usu
1504 2083 1663 2144 eruditus.
1686 2083 1768 2144 liam

543 2209 642 2267 quam
678 2196 771 2256 novit
804 2196 977 2256 hominum
1011 2198 1132 2274 vitam,
1168 2213 1233 2272 qna
1265 2197 1388 2257 fruitur
1417 2198 1502 2273 ipse,
1538 2200 1609 2257 toto
1637 2201 1769 2272 pectore

543 2308 665 2383 diligit,
689 2309 781 2368 nulla
804 2309 875 2369 eius
898 2309 1142 2371 oblectamenta
1164 2311 1246 2386 eripi
1268 2309 1332 2371 sibi
1350 2324 1523 2386 passurus,
1548 2310 1614 2371 nisi
1633 2310 1769 2369 invitus.

545 2420 623 2481 Odio
647 2437 723 2481 vere
753 2422 871 2497 puerili
895 2424 964 2483 odit
989 2438 1169 2500 vomerem,
1195 2439 1257 2499 quo
1283 2423 1430 2484 sulcatur
1452 2437 1530 2497 ager
1552 2437 1662 2483 rerum
1685 2423 1769 2482 futa-

543 2549 656 2594 rarum
676 2549 820 2595 messem
841 2535 984 2612 laturus,
1005 2537 1175 2613 quoniam,
1196 2535 1314 2612 glebae
1331 2537 1410 2596 dum
1432 2537 1612 2611 vertuntur,
1633 2536 1771 2610 pereunt

543 2647 640 2708 tiores
672 2649 834 2725 agrestes,
867 2649 985 2722 quibus
1015 2650 1104 2709 alma
1133 2652 1252 2710 natura
1281 2650 1390 2710 solum
1421 2653 1609 2724 ornaverat,
1634 2649 1770 2721 limique

468 2770 470 2779 ¹
544 2761 650 2822 colore
672 2761 777 2821 lurido
801 2762 966 2822 inducitur
988 2763 1108 2823 solum.

588 2875 704 2948 Itaque
742 2875 955 2950 philosophos
990 2877 1205 2936 vehementer
1244 2891 1395 2952 perosus,
1429 2879 1543 2950 utpote
1584 2873 1768 2935 fabularum

544 2990 691 3048 tenuium
709 2989 805 3049 horto
826 3005 980 3066 amoeno,
998 2991 1032 3049 in
1049 3006 1112 3064 quo
1129 2991 1291 3059 hactenus
1306 2990 1484 3065 habitavit,
1505 3004 1605 3063 quam
1621 2990 1767 3049 maxime

542 3103 738 3163 metuendos
768 3105 901 3178 propter
930 3104 1120 3178 disputandi
1145 3104 1298 3177 peritiam
1329 3106 1363 3164 et
1389 3102 1556 3176 quaelibet
1578 3102 1612 3161 in
1635 3102 1767 3162 dubium

543 3216 681 3275 vocandi
711 3216 899 3293 audaciam,
924 3219 1058 3277 sirenue
1081 3218 1276 3292 insectatur,
1298 3219 1336 3275 ut
1358 3217 1502 3291 primum
1526 3217 1696 3289 ingressus
1715 3188 1769 3275 'est

543 3330 646 3405 viam,
672 3331 705 3389 in
730 3345 830 3404 quam
854 3331 993 3391 vocabat
1015 3331 1197 3405 ingenium.

586 3444 678 3503 Novo
710 3445 792 3503 artis
818 3445 966 3505 scenicae
989 3445 1103 3520 generi
1126 3460 1169 3504 ex
1193 3443 1394 3504 carminibus
1417 3441 1550 3503 ludicris
1572 3443 1767 3516 lascivisque

543 3556 670 3617 facetiis
700 3560 779 3618 nato
810 3556 966 3619 Cratinus
995 3558 1086 3632 leges
1114 3560 1248 3619 dederat
1278 3557 1547 3629 comoediamque
1573 3558 1630 3615 aut
1655 3570 1767 3630 parem

544 3674 601 3729 aut
630 3686 806 3746 supparem
829 3672 1015 3732 reddiderat
1037 3672 1234 3746 tragoediae.
1259 3671 1405 3732 Maxima
1427 3670 1495 3730 iam
1520 3683 1595 3729 cum
1616 3668 1767 3727 libertate

545 3787 583 3846 de
614 3770 711 3846 rebus
741 3788 941 3860 quotidianis
966 3788 999 3847 in
1024 3802 1124 3847 scena
1147 3786 1401 3862 disceptabatur,
1425 3787 1458 3845 et
1482 3784 1610 3843 indies
1633 3782 1768 3843 maioris

544 3900 705 3958 momenti
739 3901 934 3960 videbantur
962 3916 1047 3974 quae
1079 3901 1148 3961 illic
1180 3898 1432 3975 proferebantur
1465 3896 1662 3958 sententiae.
1696 3896 1768 3970 Ipse

543 4010 685 4072 Pericles
715 4014 800 4073 satis
830 4015 877 4073 rei
905 4014 1055 4088 publicae
1085 4013 1303 4089 periculosam
1335 4013 1451 4072 habuit
1480 4011 1573 4071 illam
1596 4011 1768 4084 poetarum

544 4126 745 4186 comicorum
772 4127 942 4187 licentiam
973 4143 1074 4201 quam
1108 4142 1166 4202 per
1196 4140 1300 4185 annos
1330 4125 1456 4199 aliquot
1485 4126 1557 4198 lege
1588 4123 1766 4197 cohiberet,
1864 4181 1865 4190 ,

542 4240 703 4299 innocuos
737 4243 867 4301 tautum
903 4242 992 4301 iocos
1023 4242 1056 4301 in
1088 4255 1222 4300 scenam
1253 4242 1332 4299 tunc
1362 4240 1553 4299 admittens.
1585 4238 1661 4297 Mox
1694 4251 1768 4296 vero

541 4354 647 4413 sensit
681 4354 792 4414 minus
827 4370 943 4416 nocere
978 4355 1083 4429 ipsius
1122 4354 1260 4414 consilia
1294 4367 1403 4413 coram
1438 4352 1556 4427 populo
1592 4367 1611 4411 a
1645 4350 1769 4410 scurris
1864 4429 1865 4434 ἵ

541 4467 705 4527 dicacibus
734 4469 831 4529 irrisa
860 4483 959 4542 quam
988 4482 1026 4528 os
1049 4467 1176 4528 civibus
1199 4468 1385 4542 occlusum;
1409 4482 1579 4541 repressas
1601 4468 1692 4527 enim
1716 4466 1767 4525 ho·

543 4580 670 4640 minum
699 4583 868 4657 opiniones
899 4582 1042 4642 acriores
1073 4585 1107 4641 11
1136 4582 1401 4642 vehementiores
1430 4579 1513 4657 fieri,
1539 4582 1572 4640 vi
1596 4596 1675 4640 mox
1699 4595 1767 4655 pro·
1864 4645 1865 4660 ,

543 4697 712 4771 rupturas,
737 4697 767 4755 si
790 4694 890 4755 libere
913 4695 1012 4769 pandi
1035 4698 1209 4767 nequeant.
1233 4696 1347 4768 Itaque
1366 4698 1454 4770 tum,
1479 4709 1553 4754 cum
1574 4695 1697 4755 bellum
1717 4696 1768 4753 est

543 4812 711 4884 exortum,
737 4808 828 4868 nulla
850 4808 950 4868 etiam
971 4807 1172 4869 obstiterunt
1190 4809 1297 4870 edicta
1316 4809 1492 4881 quominus
1511 4811 1627 4883 poetae
1649 4807 1768 4868 scenici
