4067 5950
526 716 592 776 248
1006 728 1049 773 nu
1072 726 1278 773 numanum

523 902 732 977 argumentis
754 902 885 962 cantica
908 915 1032 962 canens
1056 902 1090 961 et
1112 899 1206 961 ducis
1229 915 1285 962 ore
1307 904 1514 976 spectatores
1533 902 1701 978 alloquens
1721 900 1756 975 ¹).

523 1018 611 1094 Quae
631 1016 865 1077 interlusiones
883 1015 997 1076 lectori
1016 1014 1173 1075 hodierno
1192 1014 1290 1075 facile
1310 1017 1439 1090 possint
1454 1016 1558 1077 videri
1569 1019 1759 1079 ornamenti

524 1146 625 1192 causa
652 1145 726 1191 esse
749 1130 897 1191 additae:
921 1143 1038 1189 revera
1060 1129 1169 1204 ipsam
1193 1129 1397 1190 comoediam
1421 1128 1583 1206 efficiunt,
1606 1133 1758 1192 actorum

524 1245 636 1305 autem
658 1241 821 1316 colloquia
843 1243 877 1302 et
900 1241 1077 1314 soliloquia
1101 1241 1143 1302 ad
1167 1240 1257 1301 chori
1280 1240 1355 1302 illos
1372 1240 1492 1319 κώμους
1510 1240 1561 1301 καὶ
1580 1241 1759 1325 ᾡδὰςὶῃιθτ

525 1372 561 1417 se
585 1356 771 1432 colliganda
793 1357 951 1431 primitus
973 1357 1054 1416 sunt
1077 1355 1199 1416 addita.

570 1472 633 1532 Sed
657 1473 899 1547 Aristophanes
922 1471 1078 1546 quoniam
1103 1471 1143 1530 ab
1167 1471 1251 1530 artis
1274 1471 1419 1531 comicae
1438 1471 1627 1546 primordiis
1645 1470 1761 1547 procul

523 1587 672 1646 remotus
707 1584 898 1659 cratinique
935 1584 1077 1659 vestigia
1111 1583 1225 1658 legens
1260 1600 1277 1645 e
1312 1584 1393 1644 iocis
1427 1585 1607 1660 iurgiisque
1640 1585 1760 1645 scurri-

524 1699 612 1760 libus
635 1699 723 1760 haud
747 1700 795 1759 ita
816 1697 958 1759 firmiter
980 1699 1067 1759 inter
1090 1712 1127 1758 se
1150 1698 1271 1758 iunctis
1295 1698 1373 1759 tecit
1396 1712 1493 1758 veras
1514 1698 1645 1759 tabulas
1667 1700 1759 1758 certo

525 1812 634 1903 aliquo
658 1812 699 1873 ab
722 1814 919 1887 argumento
939 1811 1097 1872 deductas
1116 1811 1304 1886 optimeque
1323 1812 1551 1887 cohaerentes,
1573 1827 1639 1872 non
1651 1812 1760 1887 prisco

526 1941 618 1987 more
649 1926 748 1987 choro
779 1925 951 1987 exordium
980 1924 1167 1985 tabularum
1191 1924 1279 1985 solet
1301 1924 1456 2000 tribuere,
1480 1925 1538 1985 sed
1562 1940 1665 1985 unum
1688 1924 1760 2000 plu·

526 2055 622 2101 resve
652 2046 782 2101 actores
812 2038 891 2100 tacit
917 2038 1118 2115 praefantes.
1144 2038 1197 2099 Sic
1220 2040 1323 2100 etiam
1347 2039 1535 2100 fabularum
1558 2039 1759 2113 tragicamm

526 2153 659 2215 initium
701 2153 779 2215 olim
816 2153 879 2214 fuit
915 2152 1005 2214 chori
1039 2152 1211 2228 introitus,
1250 2185 1289 2195 -
1326 2167 1425 2227 quam
1459 2168 1531 2213 rem
1566 2152 1758 2213 etiamnunc

526 2269 694 2328 testantur
717 2266 876 2341 Aeschyli
897 2265 1068 2341 Supplices
1085 2265 1208 2326 Persae
1227 2266 1471 2340 Myrmidonum
1493 2266 1694 2340 fragmenta,
1715 2298 1758 2307 -

527 2384 643 2457 postea
666 2382 816 2442 actorum
844 2379 954 2440 verba.
1145 2356 1150 2363 ⁸

569 2494 727 2570 Praefatio
748 2495 848 2569 igitur
871 2494 979 2569 prima
1002 2494 1055 2554 est
1078 2492 1265 2553 fabularum
1289 2493 1610 2568 Aristophanearum
1634 2508 1710 2567 pars
1725 2486 1758 2562 ²).

526 2608 564 2668 In
594 2623 660 2682 qua
690 2606 729 2668 tlt
759 2607 947 2682 argumenti
977 2606 1142 2681 expositio
1172 2607 1205 2665 st
1235 2607 1441 2681 spectatores
1471 2606 1510 2665 de
1545 2605 1644 2666 rebus
1674 2621 1758 2679 quae

526 2722 678 2782 sciendae
710 2723 790 2783 sunt
820 2721 977 2782 certiores
1007 2719 1198 2795 redduntur,
1231 2719 1416 2795 simplicius
1441 2720 1475 2779 in
1499 2719 1617 2794 primis
1640 2719 1760 2780 tabulis

526 2834 565 2894 ab
585 2835 745 2895 histrione
764 2849 879 2895 secum
898 2833 1094 2895 deliberanti
1114 2832 1168 2893 vel
1188 2832 1430 2907 spectatoribus
1441 2833 1573 2895 fabulae
1585 2835 1761 2895 materiem

526 2948 710 3025 enarranti,
730 2946 967 3024 posterioribus
986 2961 1066 3007 vero
1085 2945 1118 3006 in
1138 2944 1259 3007 fabulis
1280 2944 1492 3008 artificiosius
1511 2947 1609 3008 etita
1628 2949 1668 3008 ut
1687 2948 1760 3022 ipsa

526 3064 641 3137 poetae
663 3077 719 3122 ars
741 3061 861 3121 latitet.
886 3061 939 3121 Sic
962 3061 1077 3121 autem
1100 3059 1245 3134 prolusio
1266 3060 1336 3134 illa,
1358 3076 1537 3134 quaecum
1557 3061 1761 3137 ipsafabula

526 3176 637 3235 laxius
650 3175 729 3236 olim
750 3175 961 3250 cohaerebat,
980 3173 1115 3249 penitus
1135 3174 1260 3234 sensim
1280 3189 1355 3234 cum
1369 3189 1409 3235 ea
1420 3174 1601 3248 concrevit,
1617 3175 1763 3249 corporis

531 3290 628 3351 solidi
651 3292 750 3364 atque
773 3290 895 3364 integri
919 3291 1020 3364 caput
1041 3287 1161 3348 exinde
1185 3287 1332 3349 dicenda.

571 3402 716 3464 Ohorum
746 3405 859 3463 autem
884 3403 1040 3477 quoniam
1065 3417 1129 3462 non
1153 3402 1317 3463 introduci
1340 3405 1471 3463 tantum
1495 3404 1528 3463 in
1553 3404 1760 3463 orchestram

527 3516 697 3592 oportebat
719 3517 776 3577 sed
801 3519 834 3577 et
856 3515 968 3576 fabula
990 3514 1086 3576 finita
1109 3516 1184 3575 inde
1207 3516 1338 3592 abduci,
1363 3518 1399 3577 ut
1423 3516 1481 3576 alii
1505 3516 1601 3577 choro
1621 3517 1760 3588 aliisque

527 3630 747 3692 histrionibus
776 3627 870 3690 tieret
899 3629 1006 3705 locus,
1033 3629 1150 3689 entium
1173 3629 1280 3690 facere
1305 3630 1392 3690 solet
1413 3631 1649 3692 choreutarum
1674 3631 1761 3690 laeta

526 3760 649 3820 pompa
678 3759 755 3805 eum
779 3744 835 3818 qui
857 3743 1041 3819 primarum
1065 3745 1117 3803 est
1141 3743 1287 3818 partium
1311 3745 1446 3804 domum
1469 3759 1564 3804 suam
1588 3743 1642 3804 vel
1667 3744 1759 3803 alior-

526 3873 602 3918 sum
639 3858 872 3919 deducentium
907 3857 1081 3917 victorem.
1118 3854 1310 3917 Cuiusmodi
1342 3858 1470 3916 exitum
1502 3872 1577 3917 cum
1609 3871 1664 3916 res
1695 3871 1760 3916 non

527 3972 604 4047 tert,
637 4005 679 4013 -
709 3972 745 4031 in
775 3971 923 4031 Nubibus
947 3974 981 4030 et
1004 3970 1038 4030 in
1062 3970 1428 4046 Thesmophoriazusis,
1455 3970 1760 4044 -languidiorem

560 4238 581 4300 ¹)
601 4243 745 4290 Oboreutae
763 4255 823 4289 cnm
841 4241 874 4287 ad
891 4244 1055 4300 spectatores
1072 4253 1100 4287 se
1119 4243 1274 4287 convertunt
1290 4242 1345 4287 sive
1362 4245 1499 4304 παράβασιν
1512 4248 1642 4296 ποιοῦνται,
1659 4243 1761 4300 ponunt

527 4325 549 4367 si
572 4320 636 4379 qnid
658 4322 784 4369 tenebant
805 4321 945 4368 molestum
968 4321 1021 4366 iam
1040 4319 1073 4366 iis
1090 4320 1216 4375 loturum,
1235 4314 1326 4378 quales
1344 4324 1405 4367 sunt
1423 4322 1450 4367 in
1467 4322 1534 4367 Pace
1552 4319 1642 4366 labala
1658 4319 1760 4379 ligones

527 4403 553 4446 et
578 4404 671 4457 rastra,
696 4399 793 4459 quibus
816 4401 891 4447 deam
915 4412 948 4446 ex
971 4401 1046 4445 antro
1069 4397 1222 4446 liberarunt.
1246 4399 1297 4446 Res
1321 4401 1400 4447 etiam
1420 4403 1509 4460 potest
1525 4400 1594 4446 ferre
1612 4402 1643 4446 ut
1659 4402 1759 4446 vestem

527 4482 633 4538 ponant,
656 4481 687 4527 ut
706 4480 733 4525 in
750 4476 963 4527 Acharnenaibus
980 4475 1125 4537 Lysistrata
1143 4477 1432 4537 Thesmophoriazusis.
1451 4479 1501 4527 Sed
1519 4480 1626 4525 manent
1642 4483 1759 4542 παραβαι-

528 4575 606 4612 eomc
625 4560 750 4618 quisunt
767 4560 794 4606 in
811 4562 868 4620 ipsa
883 4559 985 4606 fabula:
1005 4558 1106 4616 equites
1124 4571 1156 4604 ex
1173 4571 1241 4616 equo
1255 4572 1306 4605 non
1324 4559 1495 4616 descendunt,
1512 4571 1573 4605 aves
1590 4571 1642 4604 non
1659 4559 1759 4616 ponunt

525 4641 610 4685 rostra
626 4639 668 4684 vel
686 4638 791 4694 caudas,
810 4651 906 4698 vespae
924 4641 1031 4685 servant
1048 4637 1162 4700 aculeos,
1180 4637 1292 4685 feminae
1310 4652 1361 4684 non
1379 4640 1445 4685 fiunt
1463 4639 1520 4685 viri.

559 4713 580 4777 ²)
598 4718 629 4763 In
646 4717 836 4764 Ecclesiannsis
851 4716 912 4764 inde
930 4731 945 4764 a
962 4717 1055 4777 primis
1072 4717 1193 4764 versibus
1211 4717 1306 4763 adsunt
1324 4719 1438 4764 feminae
1457 4731 1471 4764 e
1490 4717 1587 4776 quibus
1604 4717 1634 4762 tit
1651 4715 1744 4762 chorus

526 4809 615 4842 veram
633 4797 822 4857 praefationem
841 4795 921 4856 igitur
939 4810 969 4843 ea
987 4795 1079 4843 fabula
1096 4808 1148 4842 non
1167 4796 1254 4843 habet.
