4067 5950
586 705 652 765 aab
1030 717 1071 761 or
1095 716 1203 761 uuxsu
1229 718 1381 764 recurso.

584 889 717 949 doceret
737 889 866 963 proprie
886 903 951 949 non
970 888 1179 965 sycophantae
1197 890 1375 950 remedium
1396 890 1455 950 sed
1474 904 1602 950 mersas
1612 888 1793 965 sycophantae

584 1002 761 1062 remedium
780 1002 885 1064 luisse
905 1002 1097 1079 dicendum,
1116 1002 1189 1064 voci
1202 1002 1399 1079 συκοφάντου
1412 1002 1648 1079 superscripsit
1661 1002 1796 1080 σῄγμιτυς,

585 1115 660 1176 dein
691 1116 764 1176 eius
794 1115 894 1190 nugis
923 1115 1035 1176 locum
1067 1117 1168 1177 cessit
1195 1131 1262 1177 vox
1286 1117 1433 1191 genuina
1456 1119 1490 1177 et
1513 1116 1611 1192 plane
1634 1114 1798 1176 necessaria
1856 1198 1857 1201 Ἴ

584 1229 755 1307 φάρμακον.
779 1229 846 1290 Nec
869 1230 984 1290 tamen
1009 1229 1101 1290 nullo
1126 1230 1269 1305 vestigio
1293 1230 1410 1291 relicto
1434 1232 1487 1291 est
1509 1230 1664 1305 expulsa,
1687 1243 1756 1288 uam
1772 1244 1798 1286 ττ

584 1343 612 1402 R
636 1343 841 1418 adscriptum
865 1348 934 1406 est:
962 1347 997 1459 „l
1023 1343 1219 1420 φάρμακον.”

629 1486 739 1546 Etiam
764 1487 862 1564 Vesp.
889 1488 974 1549 1397
1000 1487 1065 1547 huc
1089 1486 1295 1567 referendus,
1320 1487 1375 1548 ubi
1399 1488 1450 1548 ira
1472 1487 1598 1563 percita
1622 1500 1761 1562 caupona

809 1597 846 1660 oo
869 1622 915 1660 τοι
938 1599 980 1678 μὰ
1002 1599 1043 1661 τὼ
1067 1599 1132 1661 θεὼ
1155 1601 1350 1677 καταπροίξει
1374 1600 1517 1680 Μυρτίας

807 1722 859 1791 τῆς
884 1714 1080 1793 Ἀγκυλίωνος
1103 1712 1328 1795 θυγατέρος
1351 1713 1402 1775 καί
1426 1714 1606 1793 Σωστράτης

809 1826 888 1888 οὕτω
912 1828 1099 1905 διαφθείρας
1123 1826 1198 1905 ἐμοῦ
1222 1827 1258 1887 τὰ
1282 1828 1402 1908 φορτία.

585 1945 707 2005 Vocem
726 1940 896 2021 θυγατέρος
919 1944 974 2004 hic
997 1958 1104 2018 neque
1128 1945 1352 2019 grammatica
1376 1945 1538 2021 admittit,
1564 1960 1641 2005 nam
1666 1939 1801 2020 θυγατρός

586 2061 658 2119 erat
681 2057 871 2133 dicendum,
898 2072 1004 2131 neque
1028 2073 1111 2119 usus
1134 2058 1305 2134 loquendi,
1330 2074 1408 2119 nam
1428 2059 1501 2134 ipsa
1521 2076 1588 2120 vox
1604 2059 1671 2135 tilio
1681 2056 1804 2117 moleste

586 2172 741 2232 abundat.
772 2168 985 2246 Porticipiam
1016 2171 1149 2245 aliquod
1181 2172 1390 2233 intercidisse
1422 2172 1563 2248 videtur,
1597 2172 1676 2232 olim
1706 2172 1804 2230 autem
1865 2224 1866 2261 3

585 2288 706 2347 fuisse:
931 2330 1053 2392 mm&

809 2406 862 2476 τῆς
885 2399 1084 2479 Ἀγκυλίωνος
1108 2399 1365 2478 καθυβρίσας
1389 2397 1440 2459 καί
1463 2398 1655 2476 Σωστράτης.

631 2515 693 2576 His
727 2513 809 2575 locis
843 2513 973 2575 collatis
1007 2513 1139 2574 facilius
1169 2517 1395 2587 agnoscuntur
1424 2513 1504 2575 mali
1535 2514 1634 2574 sedes
1664 2516 1698 2574 et
1720 2525 1807 2572 causa

586 2631 669 2692 Nub.
702 2631 778 2702 559,
811 2628 868 2688 ubi
899 2628 1046 2688 comicus
1077 2627 1228 2688 aemulos
1253 2642 1392 2702 carpens
1415 2627 1518 2687 cuncti
1540 2628 1607 2687 iam
1631 2628 1679 2687 ait
1700 2626 1806 2701 Ημμιτ-

589 2745 694 2806 bolum
714 2746 839 2818 petant,

765 2854 818 2925 τὰς
841 2854 941 2925 εἰκοὺς
964 2863 1039 2913 τῶν
1063 2851 1252 2933 ἐγχέλεων
1276 2850 1328 2924 τὰς
1352 2850 1423 2930 ἐμὰς
1448 2853 1638 2929 μιμούμενοι.

588 2972 641 3032 Sic
671 2971 709 3045 R,
743 2986 827 3044 quae
855 2971 1009 3044 corrupta
1033 2984 1108 3030 esse
1131 2968 1231 3030 multi
1254 2972 1442 3029 senserunt.
1468 2966 1609 3028 Gravius
1633 2967 1733 3028 etiam
1756 2981 1812 3026 cor·

588 3087 688 3160 rupta
710 3085 744 3143 in
769 3083 814 3142 V:
991 3132 1037 3170 w„
1131 3123 1212 3178 mm,

780 3194 839 3267 τὰς
862 3193 962 3266 εἰκοὺς
985 3204 1047 3254 τῶν
1071 3193 1211 3274 ἐγχέλεων
1234 3204 1295 3255 τῶν
1320 3194 1401 3273 ἐμῶν
1424 3195 1616 3273 μιμούμενοι.

589 3311 744 3385 Queritur
767 3298 1010 3385 Aristophanes
1034 3310 1073 3370 de
1088 3308 1286 3384 'Hyperbolo
1310 3312 1379 3370 iam
1404 3311 1468 3370 dici
1491 3324 1576 3384 quae
1595 3311 1666 3384 ipse
1686 3311 1762 3371 olim
1779 3310 1811 3368 de

588 3423 707 3484 Cicone
737 3423 881 3484 dixisset
911 3423 1018 3484 multo
1046 3424 1157 3497 aptius
1181 3426 1215 3483 et
1237 3424 1411 3497 iestivius;
1437 3424 1591 3484 certatim
1616 3425 1719 3485 istum
1742 3422 1811 3483 deri·

589 3537 733 3597 dandum
758 3537 939 3613 propinant
962 3551 1081 3597 omnes

744 3648 796 3721 τὰς
819 3649 920 3722 εἰκοὺς
946 3648 1134 3721 (καὶτὰς
1158 3647 1298 3721 idias>
1324 3648 1375 3720 τὰς
1400 3647 1471 3726 ἐμὰς
1493 3650 1689 3726 μιμούμενοι,

588 3778 662 3823 cum
692 3764 848 3839 imopiscs
878 3769 946 3824 tam
977 3767 1049 3840 ipso
1072 3765 1199 3825 incauta
1221 3781 1293 3825 mco
1316 3762 1445 3839 imitati,
1471 3767 1504 3825 et
1529 3764 1642 3824 verbis
1665 3763 1748 3824 meis
1770 3759 1814 3819 usi

589 3884 622 3939 et
652 3879 751 3938 rebus
783 3894 803 3939 a
833 3894 887 3939 me
918 3880 1127 3954 excogitatis.
1157 3881 1315 3953 Equitum
1343 3879 1474 3940 fabulae
1497 3879 1703 3939 mentionem
1726 3874 1812 3937 medo

588 4009 608 4053 a
639 3993 765 4053 comico
796 3993 953 4053 iniectam
981 4009 1055 4055 esse
1087 4009 1163 4055 cum
1195 3994 1359 4054 vidissent
1387 3994 1601 4068 interpreteS,
1633 3992 1692 4052 illa
1713 3989 1813 4051 iabula

589 4105 743 4180 inspecta
773 4107 806 4165 in
838 4107 1018 4182 imaginem
1047 4109 1262 4169 notissimam
1291 4110 1324 4168 et
1354 4107 1595 4182 lepidissimam
1622 4105 1810 4177 inciderunt,

589 4233 655 4290 qua
685 4219 860 4294 demagegi
885 4221 1129 4284 assimulantur
1152 4221 1375 4296 piscatoribus
1396 4221 1432 4279 in
1456 4219 1590 4281 turbida
1612 4220 1812 4296 potissimum

589 4347 675 4405 aqua
706 4333 871 4407 anguillas
901 4334 1130 4409 captantibus;
1163 4349 1264 4409 quam
1296 4337 1355 4395 aut
1377 4334 1484 4395 solam
1509 4337 1568 4394 aut
1596 4349 1676 4408 prae
1704 4329 1812 4393 ceteris

590 4460 679 4505 nunc
702 4448 846 4520 spectari
870 4447 936 4507 rati
960 4448 1034 4507 voci
1057 4446 1158 4518 εἰκούς
1181 4437 1491 4522 superscripserunt
1516 4455 1603 4523 „rav
1626 4444 1789 4525 ἕγχὲλευν.”

634 4557 743 4618 Etiam
774 4559 862 4620 Eccl.
894 4561 935 4620 78
967 4560 1159 4622 huiusmodi
1190 4562 1271 4621 vitio
1301 4560 1440 4622 laborat.
1471 4560 1536 4621 Ubi
1565 4561 1601 4619 in
1632 4561 1810 4620 concionem

590 4671 711 4732 mulier
740 4674 904 4746 quaedam
932 4673 1114 4748 precedens
1144 4673 1253 4733 Lamii
1282 4673 1397 4733 mariti
1429 4674 1482 4734 sui
1506 4672 1661 4734 baculum
1685 4670 1728 4743 (τὸ
1750 4667 1811 4728 σκύ-

589 4791 691 4857 ταλον)
721 4792 836 4848 tenere
866 4801 902 4847 se
933 4787 1026 4863 dicit,
1052 4803 1149 4861 quem
1174 4788 1282 4847 virum
1308 4787 1441 4848 aliunde
1464 4789 1616 4862 ignotum
1640 4790 1722 4848 tunc
1743 4787 1811 4845 tem·

1858 2892 1861 2963 l
