4067 5950
906 1798 984 1876 IV.
1009 1799 1078 1877 De
1100 1803 1245 1896 poeta
1268 1820 1397 1878 sene.

1135 2325 1161 2386 1.

581 2535 717 2613 Fabula,
751 2536 803 2597 oni
832 2537 1001 2597 Ranarum
1026 2551 1147 2597 nomen
1170 2536 1344 2598 ridiculum
1370 2534 1612 2611 Aristophanes
1635 2530 1763 2604 indidit,

535 2647 703 2720 aliquanto
738 2648 864 2709 maiore
898 2649 968 2710 iure
1003 2647 1105 2710 oloris
1139 2650 1303 2712 canticum
1339 2650 1403 2711 dici
1436 2649 1558 2725 potest.
1589 2647 1648 2707 Est
1679 2644 1765 2706 enim

536 2760 763 2823 valedicentis.
782 2761 982 2823 Valedioitur
1002 2762 1133 2823 civitati
1149 2762 1317 2825 Pericleee
1328 2771 1362 2824 et
1373 2764 1579 2839 postremum
1591 2758 1767 2836 percipitur

536 2892 602 2938 vox
627 2878 720 2939 chori
743 2877 782 2938 de
805 2878 904 2938 rebus
927 2877 1068 2953 publicis
1091 2878 1168 2952 quid
1192 2879 1318 2940 sentiat
1340 2878 1442 2938 libere
1466 2875 1655 2953 aperientis.

580 2992 642 3053 Per
672 2991 830 3052 tredecim
863 2991 938 3052 dein
969 3007 1073 3053 annos
1095 2992 1174 3054 silet
1196 2994 1292 3055 nobis
1315 3007 1412 3053 musa
1434 2992 1555 3053 iocosa.
1578 2990 1663 3050 Nam
1687 3002 1765 3064 quas

536 3105 714 3180 qualesque
737 3120 797 3180 per
819 3105 899 3165 illud
924 3106 1085 3181 temporis
1104 3108 1250 3182 spatium
1269 3102 1767 3183 11111111111111111111-

536 3207 623 3279 m'ns.
665 3218 919 3305 Depsrditarum
956 3220 1083 3293 aliquot
1117 3222 1257 3281 nomina
1291 3220 1454 3281 habemus
1491 3218 1637 3295 cognita,
1670 3217 1767 3277 etiam

514 3347 641 3392 unum
675 3334 708 3393 et
742 3331 885 3394 alterum
920 3332 1108 3394 fabularum
1144 3334 1196 3395 his
1230 3334 1373 3395 iortasso
1408 3332 1504 3394 annis
1534 3334 1703 3408 natarum,
1737 3331 1766 3390 11

536 3446 679 3521 plurima
698 3448 880 3522 supersunt
899 3446 1107 3522 fragmenta3
1128 3447 1187 3508 sed
1207 3448 1288 3509 certi
1308 3447 1391 3508 nihil
1411 3449 1565 3508 tenemus
1578 3447 1612 3505 et
1623 3444 1767 3505 inutilior

538 3562 594 3620 vix
625 3560 714 3622 ullus
744 3563 795 3622 est
826 3561 921 3622 labor
950 3575 1050 3634 quam
1081 3561 1121 3623 de
1152 3576 1289 3637 opernm
1320 3561 1509 3636 ignotorum
1535 3560 1766 3636 compositione

537 3674 590 3735 vel
612 3674 721 3735 indole
744 3673 947 3749 disputandi.

581 3788 618 3848 Id
642 3788 784 3864 scimus,
809 3787 867 3847 illo
890 3788 1041 3862 tempore
1065 3790 1200 3864 poetam
1224 3787 1348 3849 vidisse
1371 3787 1497 3863 patriae
1521 3786 1706 3848 interitum.

582 3901 757 3962 Obsidione
790 3902 871 3961 urbs
906 3902 957 3961 est
988 3916 1146 3978 oppressa
1176 3903 1211 3963 et
1240 3902 1339 3963 lamis
1374 3902 1463 3961 diros
1496 3900 1662 3961 cruciatus
1693 3898 1765 3959 tole·

537 4016 652 4075 rarunt
676 4015 779 4091 circe,
811 4015 915 4074 donec
944 4014 1046 4075 etiam
1077 4014 1220 4089 perterre
1250 4030 1315 4075 non
1347 4016 1537 4090 potuerunt.
1561 4012 1647 4073 'ium
1673 4011 1767 4073 celsis

538 4127 745 4187 Athenarum
780 4127 960 4202 porticibus
995 4129 1029 4187 et
1063 4128 1198 4204 templis
1233 4142 1400 4189 marmore
1437 4124 1667 4201 candentibus,
1699 4126 1767 4185 tum

538 4240 740 4302 Parthenoni
770 4243 802 4300 11
833 4239 1025 4315 Propylaeis
1056 4255 1096 4301 11
1129 4256 1202 4302 1111
1232 4242 1359 4302 1111111
1392 4241 1463 4301 visa
1493 4242 1545 4300 est
1575 4253 1676 4312 quem
1699 4238 1767 4313 ipsa

538 4352 792 4415 Atheniensium
828 4355 949 4415 civitas
983 4354 1130 4429 Aeginae
1166 4357 1199 4415 et
1234 4355 1424 4430 Mitylenae,
1457 4354 1594 4415 Scionae
1624 4355 1657 4413 et
1688 4349 1766 4411 Melo

539 4471 573 4529 et
595 4467 669 4528 aliis
692 4467 829 4527 urbibus
859 4468 976 4528 multis
1001 4471 1178 4542 paraverat
1201 4468 1292 4531 olim.
1316 4468 1379 4529 Sed
1401 4469 1436 4528 in
1461 4466 1610 4528 hostium
1634 4464 1766 4527 consilio

539 4582 578 4642 de
601 4581 670 4641 fato
694 4580 800 4657 urbis,
826 4596 925 4654 quam
949 4581 1113 4641 Pindarus
1137 4581 1293 4643 Graeciae
1317 4597 1428 4642 arcem
1453 4583 1486 4641 et
1509 4580 1609 4641 decus
1627 4580 1767 4652 dixerat,

539 4695 790 4756 deliberantium
819 4695 988 4756 sententia
1017 4695 1202 4770 praevaluit
1225 4694 1350 4755 mitior.
1375 4695 1445 4754 Non
1470 4695 1561 4755 enim
1585 4694 1625 4754 ab
1649 4692 1767 4753 exteris

541 4810 688 4870 Athenas
714 4810 879 4885 ,inclutas
903 4810 935 4868 et
959 4809 1115 4871 candidas
1139 4809 1172 4869 et
1193 4808 1292 4870 violis
1316 4809 1510 4870 coronatas”
1534 4809 1569 4870 in
1592 4808 1766 4885 perniciem
