4067 5950
559 784 626 845 314
1005 800 1047 845 nn
1070 800 1179 847 rnxrn
1202 799 1355 846 rannrro.

602 971 689 1033 Item
713 972 797 1035 Nub.
822 974 898 1035 994.

1361 1060 1434 1124 άλλο
1458 1084 1488 1123 τε
1512 1057 1608 1139 μηδὲν

648 1174 772 1255 αἰσχρὸν
796 1181 907 1252 ποιεῖν,
930 1175 947 1237 ὅ
969 1200 996 1236 τι
1022 1184 1075 1254 τῆς
1099 1176 1207 1249 αἰδοῦς
1230 1174 1327 1255 μίλλει
1350 1172 1472 1258 τᾶγαλμ’
1500 1174 1724 1253 ἀναπλήσειν.

557 1289 681 1351 Verum
712 1291 766 1352 hic
798 1306 929 1366 quoque
951 1292 1130 1355 servarunt
1152 1291 1181 1350 V
1202 1295 1237 1353 et
1259 1293 1297 1371 R,
1323 1293 1389 1353 nisi
1413 1291 1497 1366 quod
1521 1288 1648 1369 μέλλεις
1670 1289 1774 1349 habent

558 1402 656 1465 ambo
684 1406 717 1465 et
740 1399 843 1485 ἄγαλμ’
871 1406 900 1465 V
923 1407 1049 1469 omisso
1073 1406 1226 1468 articulo.
1250 1406 1427 1469 Recentior
1451 1421 1530 1467 vero
1555 1405 1675 1478 aliquis
1695 1403 1773 1463 libra·

557 1516 628 1577 rius
651 1516 703 1577 vel
726 1521 969 1592 grammaticus
992 1520 1130 1581 verbum
1154 1516 1389 1597 ἀναπιμπλάναι
1403 1518 1566 1595 polluceat
1584 1532 1684 1579 sensu
1701 1517 1773 1577 athi·

558 1630 663 1690 bitum
698 1646 764 1693 non
800 1635 914 1709 norat,
954 1629 1074 1712 ἄγαλμα
1113 1635 1230 1711 βάματι
1264 1634 1340 1709 quid
1377 1637 1468 1695 esset
1501 1631 1643 1694 sciebat:
1678 1632 1774 1691 nostro

557 1744 660 1819 igitur
678 1744 751 1807 loco
770 1747 906 1823 scripsit
925 1744 1155 1807 ἀναπλάσειν
1175 1751 1234 1809 aut
1253 1746 1481 1808 ἀναπλάττει
1493 1769 1520 1823 ν,
1540 1747 1638 1821 idque
1654 1744 1776 1805 verbum

558 1859 660 1920 nimis
683 1860 739 1920 diu
764 1859 894 1922 obsedit
916 1861 1080 1922 editiones
1104 1864 1138 1922 et
1161 1862 1370 1923 coniecturas
1392 1860 1587 1937 provocavit
1606 1857 1741 1920 inutiles.

650 1974 734 2036 Ach.
759 1975 813 2037 85.

1000 2062 1054 2123 καλ
1078 2058 1250 2142 παρετίθετ’
1278 2059 1353 2141 ἡμῖν
1378 2060 1524 2135 διττοὺς

828 2175 861 2238 ἐκ
885 2177 1037 2257 κριβάνου
1061 2179 1148 2257 βοῦς.

559 2292 613 2354 Sic
635 2291 674 2353 R.
693 2291 817 2354 Verum
841 2294 895 2353 est
917 2292 1078 2371 παρετίθει
1101 2286 1135 2351 θ’
1156 2287 1179 2363 ¹)
1206 2286 1281 2369 ἡμῖν
1310 2287 1427 2363 δλοδις
1448 2288 1453 2369 Ι
1475 2288 1507 2350 ἐκ
1530 2288 1680 2369 κριβάνου
1702 2289 1777 2367 βοῦς,

558 2406 616 2467 sed
650 2406 798 2481 integros
828 2406 930 2468 boves
963 2407 998 2467 in
1030 2406 1159 2468 clibano
1191 2408 1302 2467 coctos
1332 2405 1456 2481 fingere
1490 2404 1554 2464 sibi
1589 2419 1655 2465 non
1685 2401 1778 2478 potuit

559 2520 659 2580 homo
679 2520 824 2580 fortasse
847 2519 1016 2597 frugalior,
1043 2521 1096 2581 cui
1118 2520 1223 2595 ignoti
1248 2521 1362 2580 essent
1385 2518 1505 2595 persici
1529 2520 1714 2593 apparatus.

653 2636 715 2695 Av.
743 2636 794 2696 19.

743 2747 783 2809 τὼ
807 2743 836 2809 δ’
863 2747 921 2810 οὐκ
944 2745 987 2829 ἄρ’
1018 2746 1142 2828 ἤστην
1167 2745 1259 2809 οὐδὲν
1282 2746 1354 2809 άλλο
1378 2744 1458 2825 πλὴν
1482 2745 1616 2806 δάκνειν.

605 2864 659 2925 Sic
688 2864 717 2923 V
748 2866 782 2925 et
811 2865 853 2941 R,
885 2867 943 2926 sed
975 2881 1095 2926 verum
1119 2880 1194 2926 esse
1217 2863 1340 2949 ᾔστην
1363 2866 1481 2924 aanor
1506 2878 1583 2923 cum
1607 2860 1704 2921 huius
1724 2856 1778 2917 loci
1845 2886 1846 2893 ι

560 2981 739 3040 contextus
759 2979 855 3041 docet
873 2982 948 3040 tum
967 2995 1052 3054 quae
1065 2979 1145 3040 alibi
1156 2981 1314 3055 leguntur
1326 2976 1418 3040 οὐδὲν
1433 2970 1495 3037 olto
1508 2975 1588 3053 πλὴν
1602 2977 1692 3046 (Ran.
1706 2972 1780 3040 740l.

560 3089 652 3152 οὐδὲν
683 3091 749 3177 ᾔδει
780 3090 860 3171 πλὴν
891 3095 1002 3171 (soph.
1033 3096 1117 3156 Phil.
1154 3097 1261 3173 1010),
1286 3097 1320 3156 et
1343 3096 1391 3156 sic
1414 3095 1582 3168 interpres
1605 3091 1729 3165 quidam
1752 3087 1780 3144 in

560 3207 707 3268 scholiis.

650 3321 785 3384 Thesm.
811 3325 864 3384 53.

872 3435 999 3512 κάμπτει
1024 3432 1057 3496 δὲ
1080 3434 1150 3508 νέας
1175 3435 1348 3509 ἀσπίδας
1372 3435 1461 3497 ἐπῶν.

560 3549 684 3610 Verum
709 3551 742 3610 et
765 3550 847 3610 duce
870 3552 978 3611 metro
1002 3551 1143 3612 inveniri
1167 3552 1275 3626 potuit
1299 3555 1331 3612 et
1354 3551 1491 3627 praebet
1514 3550 1649 3612 Suidas:

1188 3662 1350 3742 ἁψῖδαμ

649 3753 783 3815 Thesm.
811 3754 887 3814 122.

783 3866 1034 3944 διανεύματα
1059 3867 1199 3947 χαρίτων.

559 3980 682 4042 Verum
706 3981 789 4056 legit
812 3983 1005 4058 scholiasta,
1031 3983 1088 4056 qui
1112 3983 1290 4058 adscripsit
1316 3978 1530 4060 ,ioplpara’i
1550 3981 1638 4042 Hinc
1656 3977 1781 4048 Bentley

560 4095 708 4156 restituit
732 4095 964 4173 δινεύμαια.

651 4210 784 4272 Thesm.
810 4212 886 4273 704.

784 4317 851 4385 οἷον
873 4323 961 4402 ὑμῶν
985 4324 1134 4405 ἐξάρξω
1157 4323 1212 4402 τὴν
1236 4322 1314 4405 άγαν
1338 4323 1506 4385 αὐθαδίαν.

561 4438 778 4498 scribendum
799 4441 850 4499 est
870 4435 1047 4519 ἐξαράξω
1069 4439 1121 4500 vel
1141 4439 1253 4514 potius
1273 4434 1777 4516 3111618.ἐξαράξειιΒοιιθοι).

650 4551 786 4613 Thesm.
811 4553 887 4613 834.

740 4665 905 4744 προεδρίαν
928 4660 954 4724 τ’
980 4664 1057 4749 αὐτῇ
1081 4665 1226 4726 δίδοσθαι
1251 4665 1427 4744 τηνίοισι
1449 4662 1500 4724 καλ
1525 4663 1648 4745 σκίροις.

597 4869 617 4933 ¹)
635 4872 688 4921 Alii
704 4875 807 4922 molunt
823 4879 948 4939 παριτίθιι
965 4877 989 4923 δ’
1009 4879 1052 4925 vel
1069 4880 1219 4943 παραιιθιὶς.
