4067 5950
437 1920 505 1997 De
528 1920 809 1997 fabularum
832 1920 1302 2015 Aristophanearum

689 2060 1052 2155 compositione.
1105 2122 1108 2129 .

299 2626 330 2685 A
364 2625 502 2685 canticis
533 2626 666 2687 initium
699 2627 815 2687 habuit
849 2626 1034 2699 comoedia;
1070 2626 1104 2685 in
1139 2625 1238 2685 choro
1267 2622 1423 2699 primitus
1452 2625 1482 2685 ei

255 2737 390 2798 luerunt
411 2739 538 2817 omnia,
561 2740 636 2801 dein
659 2740 817 2818 plurima,
842 2740 944 2802 etiam
963 2742 1138 2815 postquam
1158 2738 1340 2799 certamina
1358 2737 1483 2799 comica

254 2851 342 2911 inter
372 2852 545 2913 sollemnia
575 2854 705 2928 publica
735 2856 815 2915 sunt
844 2856 985 2929 recepta.
1020 2852 1206 2929 „chorum”
1236 2856 1316 2913 tuuc
1339 2868 1358 2913 a
1381 2852 1482 2927 magi-

253 2966 361 3025 stratu
398 2966 596 3042 „petebant”
630 2970 748 3043 poetae
782 2968 945 3030 eiusmodi
980 2968 1150 3029 certamen
1182 2966 1266 3027 inire
1295 2966 1482 3044 cupientes;

257 3079 434 3151 „chorum”
474 3081 527 3141 hic
561 3081 705 3158 „dabat”
740 3082 846 3143 toruis
879 3083 1001 3158 poetis,
1037 3084 1153 3156 postea
1185 3081 1307 3157 quiuis,
1342 3094 1480 3155 quorum

254 3190 382 3254 fabulae
413 3210 514 3256 scena
542 3197 660 3270 dignae
691 3198 723 3258 ei
752 3197 951 3259 viderentur.
984 3197 1062 3258 Sine
1093 3197 1261 3258 actoribus
1284 3212 1360 3257 cum
1383 3197 1482 3258 choro

257 3305 307 3365 vel
329 3307 416 3368 inter
439 3324 475 3369 se
495 3308 755 3382 colloquentibus
772 3311 880 3386 prisca
899 3310 1011 3384 aliqua
1024 3310 1193 3371 comoedia
1205 3310 1342 3385 cogitari
1353 3311 1480 3384 potest:

255 3420 324 3480 sine
347 3422 447 3483 choro
470 3422 562 3506 nulla
584 3426 646 3484 est.

296 3535 409 3609 Itaque
429 3538 670 3612 Aristophanes
688 3538 842 3613 operibus
860 3538 932 3598 suis
951 3538 1088 3598 chorum
1108 3551 1275 3610 nunquam
1296 3551 1361 3597 non
1374 3536 1480 3596 immi·

255 3649 354 3722 scuit;
378 3665 421 3711 ne
443 3652 516 3711 tum
540 3651 672 3725 quidem
695 3652 810 3713 omisit
833 3653 969 3712 chorum
993 3666 1070 3711 cum
1093 3652 1206 3726 partes
1229 3665 1311 3723 quas
1334 3651 1364 3711 ei
1382 3650 1480 3710 tribu·

257 3763 323 3820 eret
350 3765 410 3823 aut
440 3765 497 3824 vix
520 3764 607 3826 ullas
630 3766 778 3842 haberet,
803 3767 841 3826 ut
862 3766 897 3825 in
920 3764 1037 3840 Ranis,
1062 3766 1121 3824 aut
1142 3763 1252 3824 nullas
1275 3764 1418 3839 omniuo,
1443 3765 1481 3823 ut

256 3877 287 3937 iu
309 3876 415 3939 Pluto.
1169 3857 1170 3860 Ἴ
1270 3953 1271 3956 ¹

302 3985 395 4052 dumi
433 3993 535 4068 igitur
568 3993 714 4054 introitus
746 3993 880 4054 initium
914 3994 993 4054 iacit
1028 3992 1226 4069 comoediae,
1260 3989 1361 4052 fluam
1395 3991 1481 4050 chori

259 4106 359 4168 tatus.
391 4106 538 4167 Ludendi
569 4107 778 4168 occasionem
808 4107 964 4182 praebere
998 4107 1083 4168 solet
1107 4107 1198 4167 chori
1221 4120 1297 4167 cum
1320 4105 1479 4166 histrione

258 4220 305 4279 uel
333 4221 615 4283 homiohoriorum
645 4223 731 4282 iuter
761 4237 798 4282 sa
832 4255 870 4266 -
902 4225 938 4282 ut
968 4223 1003 4282 in
1034 4223 1222 4297 Lysistrata
1245 4255 1286 4266 -
1310 4219 1478 4292 cocleatim

259 4334 347 4396 choro
371 4336 495 4396 arbitro
518 4340 675 4397 ocnumen
697 4337 864 4397 cadmum
887 4337 1001 4398 haberi
1023 4336 1121 4412 solet,
1147 4338 1180 4396 et
1201 4337 1236 4396 ln
1255 4336 1345 4397 senis
1363 4337 1480 4410 poetae

260 4445 363 4509 labula
393 4449 490 4511 Pluto
521 4455 690 4511 certamen
718 4450 809 4512 nullo
833 4451 958 4511 arbitro
982 4450 1103 4510 initum
1126 4481 1170 4492 —
1195 4463 1272 4509 nam
1296 4449 1391 4508 adest
1413 4449 1480 4522 qui-

261 4560 327 4623 dem
349 4564 483 4641 chorus,
508 4565 566 4625 sad
589 4564 682 4625 nulla
704 4565 776 4626 eius
799 4564 939 4625 habetur
962 4563 1047 4624 ratio
1070 4597 1113 4606 —
1136 4563 1320 4625 luculenter
1337 4563 1480 4623 testatur

262 4689 328 4737 cun
350 4678 554 4754 temporibus
576 4679 684 4755 ipsam
708 4687 815 4739 artem
838 4679 1000 4740 uomicam
1024 4677 1480 4739 essemutatam.1utcrludit

264 4788 390 4866 denique
418 4794 538 4854 chorus
563 4794 651 4854 inter
673 4793 861 4854 tabularum
885 4795 980 4854 actus
1003 4793 1118 4854 laudes
1142 4793 1277 4853 deorum
1302 4792 1418 4853 aliisve
1442 4793 1481 4852 de
