4067 5950
739 761 818 806 3333
843 761 881 804 33
906 758 1074 806 33333333.
1478 746 1520 805 23

288 926 391 988 libere
422 929 692 1004 proloquerentur
723 932 799 1003 quid
831 932 869 991 de
893 945 931 990 eo
955 931 1129 991 sentirent.
1154 930 1190 988 In
1216 928 1386 1004 Hermippi
1409 929 1522 990 Parcis

290 1041 426 1101 Periclis
456 1041 513 1101 illa
542 1043 728 1117 prudentia,
756 1059 841 1116 3333
871 1043 965 1103 13313
995 1045 1085 1102 33331
1116 1043 1152 1102 31
1180 1042 1332 1116 ignaviae
1356 1041 1523 1102 videretur

288 1153 410 1227 3111313,
444 1155 603 1214 acerrime
626 1155 870 1230 lacessebatur;
895 1157 928 1216 in
953 1154 1077 1216 Cratini
1100 1154 1234 1216 Nemesi
1257 1155 1358 1214 etiam
1381 1154 1523 1230 Aspasia

290 1267 545 1340 malignissimis
575 1267 769 1328 criminibus
800 1248 1084 1343 proscindebatur
1100 1271 1132 1327 et
1167 1267 1244 1328 belli
1277 1283 1378 1328 33333
1409 1271 1522 1343 333313

288 1379 455 1440 audiebat.

335 1491 458 1567 Quibus
483 1493 632 1554 versibus
656 1494 823 1568 probrosis
847 1495 925 1554 dum
950 1509 1063 1554 aurem
1086 1494 1263 1570 praebebat
1281 1493 1522 1569 Aristophanes

286 1607 433 1681 1333313,
467 1609 634 1681 333313133
657 1607 745 1666 13133
769 1609 897 1668 3313333
921 1608 1011 1668 31333
1035 1608 1201 1684 assidens,
1226 1607 1355 1667 laetitia
1378 1610 1430 1667 331
1453 1622 1523 1683 333-

288 1720 384 1779 13333
414 1722 448 1779 31
478 1721 549 1780 1313
580 1721 692 1780 animo
723 1735 881 1782 assensus
912 1723 964 1781 331
995 1721 1075 1781 31313
1104 1721 1288 1796 ingeniosis
1309 1720 1444 1781 ridendo
1471 1723 1519 1782 313

288 1848 404 1892 verum
440 1832 637 1893 dicentibus.
673 1834 808 1906 Iamque
850 1848 947 1894 suam
982 1835 1045 1894 sibi
1079 1834 1259 1894 indicatam
1295 1833 1378 1893 vidit
1413 1835 1517 1894 viam:

287 1949 385 2020 poeta
409 1946 535 2020 etipse
559 1947 688 2006 civibus
711 1947 938 2008 laborantibus
962 1950 995 2007 et
1020 1947 1207 2009 errantibus
1231 1947 1457 2022 opitulabitur.

266 2119 269 2128 ,
333 2059 429 2118 Videt
458 2059 559 2118 etiam
589 2058 720 2120 rabulae
751 2060 881 2120 1313333
912 2063 1159 2135 argumentum.
1191 2060 1272 2120 Filio
1296 2060 1379 2119 31313
1402 2060 1518 2137 Attici,

288 2173 367 2231 novi
397 2173 472 2232 3331
503 2172 626 2233 3133113
657 2173 798 2248 3331313,
831 2175 973 2248 3333331
1002 2173 1140 2233 fratrem
1168 2174 1277 2249 331333
1301 2173 1520 2248 obtinentem,
1577 2256 1579 2261 Ι

288 2285 409 2358 331333
426 2285 459 2343 13
482 2284 568 2344 33313
586 2284 644 2345 1113
664 2287 774 2358 331313
795 2301 814 2344 3
835 2287 927 2360 33133
947 2288 982 2345 31
1006 2285 1076 2346 1331
1096 2287 1256 2360 magistro
1275 2287 1323 2347 ita
1341 2287 1519 2347 educatum

288 2399 327 2458 ut
357 2397 426 2472 1333
456 2400 507 2458 331
532 2397 785 2474 Aristophanes,
811 2399 923 2473 procul
947 2414 967 2459 3
989 2399 1088 2459 33313
1110 2399 1256 2475 31331113,
1281 2400 1401 2473 quibus
1425 2415 1521 2460 33333

287 2511 475 2571 1333313113
507 2512 650 2572 urbanae
681 2527 747 2572 non
778 2514 845 2572 iam
877 2513 1024 2572 nutritur
1054 2513 1112 2573 sed
1143 2513 1523 2589 corrumpitu13quibus

290 2623 347 2696 qui
378 2627 457 2684 sunt
488 2625 618 2700 1313311,
651 2625 751 2686 verba
781 2626 904 2686 habent
933 2626 1061 2700 potiora
1091 2641 1192 2699 quam
1215 2641 1282 2702 res,
1307 2626 1398 2700 loqui
1421 2642 1520 2700 quam

290 2751 390 2810 agere
407 2737 551 2813 malunt,
574 2741 607 2798 31
623 2738 747 2799 1333113
764 2754 848 2813 3333
865 2754 884 2798 3
900 2739 1051 2813 patribus
1068 2744 1281 2815 3333333331,
1302 2754 1384 2800 3333
1397 2741 1523 2800 333333

288 2853 513 2927 3333333331,
550 2854 657 2913 solam
692 2853 867 2913 Rationem
903 2853 981 2913 3331
1015 2853 1090 2913 3331
1124 2854 1309 2928 praesidem
1344 2853 1450 2914 colere
1485 2870 1522 2914 se

289 2963 447 3040 professi,
479 2981 598 3027 revera
628 2965 840 3027 Persuasioni
868 2965 1151 3041 obtemperantes,
1184 2967 1236 3026 cui
1259 2965 1316 3026 οὐκ
1339 2963 1418 3025 ἔστιν
1441 2965 1523 3043 ἱερὸν

288 3074 361 3137 ditio
385 3076 464 3155 πλὴν
487 3078 588 3157 λόγος,
611 3094 718 3153 33333
749 3080 877 3139 31311311
907 3080 964 3139 333
996 3078 1059 3138 sibi
1083 3079 1166 3154 ipsis
1189 3094 1273 3152 3333
1296 3079 1425 3154 3331333
1450 3095 1522 3139 333-

288 3193 387 3251 33331
408 3193 613 3267 3333133133.
638 3192 750 3267 Apage
775 3193 956 3267 magistros
979 3192 1147 3266 improbos
1166 3195 1199 3251 et
1219 3192 1307 3253 male
1328 3207 1427 3252 sanos
1446 3208 1521 3253 cum

289 3306 526 3381 discipulorum
558 3322 694 3367 suorum
719 3307 880 3366 catervis!
906 3304 1054 3367 caveant
1077 3306 1215 3366 iuvenes
1235 3305 1460 3366 Athenienses
1484 3322 1525 3367 ne

290 3420 331 3480 ab
355 3420 396 3479 iis
419 3417 550 3494 pellecti
573 3420 608 3480 13
632 3420 812 3495 perniciem
837 3422 951 3480 ruantl

335 3533 427 3592 Talia
456 3536 553 3607 poeta
584 3538 617 3593 et
640 3535 711 3608 ipse
735 3532 866 3593 iuvenis
888 3536 1002 3593 mente
1027 3533 1157 3608 agitans
1181 3533 1312 3593 fabulae
1336 3533 1525 3594 condendae

289 3648 369 3707 iecit
402 3647 596 3720 periculum.
633 3648 671 3705 In
706 3662 770 3720 333
801 3661 898 3721 33333
929 3647 1009 3707 dum
1037 3649 1130 3708 totus
1161 3650 1225 3724 est,
1259 3662 1356 3707 musa
1392 3647 1525 3707 afflante

290 3760 499 3821 obliviscitur
538 3777 774 3833 aerumnarum
816 3762 1051 3822 hodiernorum
1098 3763 1132 3821 31
1172 3761 1302 3821 felicem
1344 3776 1381 3820 se
1423 3759 1526 3819 sentit

292 3875 410 3933 denuo.
436 3874 565 3934 Emicat
585 3889 626 3932 ex
650 3874 717 3933 imo
741 3876 873 3948 pectore
897 3873 971 3933 fons
988 3872 1047 3932 ille
1067 3872 1224 3931 candidae
1245 3872 1406 3947 laetitiae,
1426 3887 1526 3945 quem

292 3987 394 4045 nimis
429 3986 484 4046 diu
520 3987 700 4046 obruerunt
735 3986 827 4047 dolor
859 3988 893 4045 31
927 3986 1130 4060 indignatio;
1164 4000 1229 4045 333
1264 4000 1383 4046 333333
1414 3987 1527 4045 mente

292 4103 419 4160 tractat
450 4099 638 4175 materiem,
673 4099 711 4158 de
741 4114 807 4173 333
837 4098 983 4159 fabulam
1015 4099 1158 4159 scribere
1188 4113 1318 4158 secum·
1335 4098 1524 4172 constituit,

292 4214 351 4275 sed
380 4212 482 4273 libere
512 4229 569 4288 per
601 4212 714 4271 orbem
745 4227 857 4273 rerum
888 4210 1043 4272 fictarum
1067 4212 1216 4286 lascivit,
1240 4212 1424 4271 taediorum
1451 4223 1526 4283 333-

292 4327 496 4387 tidianorum
528 4324 665 4385 umbras
696 4327 873 4385 aversatus
902 4328 935 4385 ei
965 4326 1114 4386 iocorum
1146 4326 1272 4386 lumine
1304 4340 1386 4399 quae
1420 4324 1528 4384 hilara

294 4443 393 4513 atque
413 4439 537 4500 festiva
556 4438 657 4498 habet
675 4453 749 4497 sors
769 4438 917 4498 humana
935 4438 1120 4499 illustrans.
1141 4439 1213 4497 Irae
1228 4439 1365 4512 quidem.
1381 4441 1414 4497 et
1434 4437 1528 4498 lacri-

295 4570 425 4615 marum
457 4568 683 4628 repressarum
717 4554 905 4612 admixtum
929 4553 1051 4625 aliquid
1075 4552 1175 4612 habet
1200 4553 1287 4612 risus
1310 4551 1366 4611 ille
1390 4550 1527 4625 effusus,

296 4670 353 4729 sed
382 4683 421 4727 eo
451 4667 651 4728 modulatior
678 4664 716 4725 fit
747 4668 819 4727 eius
850 4681 969 4741 33333,
998 4666 1100 4725 311133
1128 4666 1162 4725 13
1191 4680 1290 4725 33333
1315 4666 1529 4738 animumque

297 4782 503 4842 audientium
526 4781 773 4855 penetraturus.
