4067 5950
532 743 595 803 136
1051 757 1093 802 nr
1116 755 1242 802 reum

528 931 665 990 tansum
688 928 776 990 inter
798 928 953 990 homines
977 931 1121 991 constat.
1144 929 1193 991 En
1216 929 1317 1006 igitur
1339 945 1404 992 non
1432 929 1644 1005 ,bornincm”,
1668 942 1777 1001 quem

528 1040 660 1104 dicebat
690 1040 905 1120 Protagoras,
935 1042 1007 1104 sive
1030 1043 1205 1105 bominum
1229 1045 1385 1104 naturam
1410 1047 1443 1105 et
1466 1042 1613 1105 indolem
1636 1041 1780 1102 cunctis

528 1155 712 1233 propriam,
744 1156 803 1218 sed
836 1156 1016 1232 ,bominem
1047 1156 1213 1232 quamlibet
1241 1171 1353 1219 rerum
1385 1156 1593 1218 modulum”.
1617 1151 1777 1228 Singulo-

529 1285 605 1332 rum
640 1272 755 1330 autem
789 1268 918 1331 iuribus
953 1286 1028 1332 cum
1061 1271 1271 1347 postponitur
1301 1272 1355 1332 ins
1390 1285 1580 1346 commune,
1612 1283 1674 1330 nee
1707 1265 1780 1326 nisi

530 1377 669 1444 eatenus
701 1382 814 1443 valent
845 1397 956 1444 mores
979 1386 1147 1458 quatenus
1171 1385 1327 1446 convenit
1349 1383 1548 1446 mortalibus
1573 1381 1683 1444 nullas
1712 1376 1782 1438 nisi

530 1496 594 1557 sibi
623 1495 708 1571 ipsis
730 1495 877 1558 rationes
900 1497 1112 1576 debentibus,
1138 1498 1266 1560 reditur
1289 1499 1329 1560 ad
1353 1498 1443 1559 vitae
1466 1497 1558 1558 illam
1584 1494 1780 1565 feritatem,

531 1609 618 1670 unde
649 1622 753 1683 genus
783 1608 968 1671 humanum
999 1611 1140 1672 emersit
1169 1611 1250 1673 olim
1281 1611 1315 1672 in
1347 1610 1475 1673 cultum
1507 1608 1658 1682 civilem3
1691 1620 1776 1666 nam

532 1722 607 1784 aevi
629 1721 773 1782 recentis
796 1721 966 1800 alumnus,
992 1724 1048 1798 qui
1072 1724 1162 1786 ultra
1185 1722 1262 1785 boni
1285 1723 1431 1798 malique
1453 1721 1537 1784 fines
1559 1721 1639 1784 illuc
1657 1732 1778 1796 perve-

533 1834 583 1895 nit
617 1832 672 1895 ubi
702 1832 783 1894 licet
812 1835 899 1908 quod
929 1835 1052 1914 placet,
1083 1852 1149 1899 non
1182 1837 1351 1914 discrepat
1380 1852 1401 1899 a
1430 1837 1548 1912 priscis
1578 1833 1780 1910 cyclopibus

533 1948 680 2009 Homero
708 1946 899 2025 celebratis,
930 1950 986 2024 qui
1010 1965 1086 2012 cum
1108 1951 1258 2013 nondum
1283 1950 1477 2012 didicissent
1499 1951 1630 2011 rectum
1654 1948 1780 2008 discer-

534 2076 612 2121 nere
635 2075 753 2136 pravo,
778 2075 883 2135 neque
907 2062 1095 2124 divinarum
1119 2079 1225 2139 neque
1248 2065 1470 2126 humanarum
1490 2063 1602 2138 legum
1626 2061 1778 2121 ullarum

536 2188 616 2234 cura
637 2172 753 2234 habita
775 2188 836 2234 suo
860 2175 1021 2236 vivebant
1044 2175 1216 2238 arbitratu.

580 2287 748 2348 Vitiosum
771 2287 858 2348 bunc
882 2303 1013 2350 morum
1037 2290 1261 2352 bumanorum
1284 2291 1399 2352 orbem
1423 2290 1543 2351 intimo
1566 2288 1665 2350 corde
1685 2300 1779 2362 pero·

537 2416 596 2461 sus
626 2403 725 2476 poeta
754 2401 901 2462 comicus
931 2403 1118 2465 Macareum
1149 2404 1363 2480 Euripideum
1386 2404 1473 2465 banc
1495 2403 1710 2479 potissimum
1737 2398 1779 2460 ob

542 2529 677 2576 causam
701 2513 965 2593 abominabatur,
990 2517 1075 2590 quod
1098 2533 1263 2592 nusquam
1283 2518 1407 2580 clarius
1426 2533 1526 2591 quam
1545 2519 1578 2577 in
1599 2515 1658 2578 illo
1676 2514 1781 2575 heroe

541 2629 668 2704 tragico
710 2632 884 2704 appareret
925 2644 1024 2703 quam
1066 2632 1253 2706 perniciosa
1290 2632 1481 2708 tragoediae
1516 2632 1630 2691 essent
1664 2627 1781 2690 studia

540 2742 719 2805 iudicialia.

587 2858 645 2934 ,In
675 2857 845 2933 longinqui
876 2859 979 2919 maris
1002 2859 1112 2921 insula
1134 2861 1277 2934 quadam
1302 2859 1425 2921 Aeolus
1449 2862 1628 2920 ventorum
1651 2857 1780 2919 arbiter

542 2972 645 3048 ,vivit
669 2988 744 3033 cum
765 2988 827 3033 sex
850 2971 927 3033 filiis
951 2976 984 3035 et
1011 2990 1072 3036 sex
1095 2972 1236 3037 filiabus
1262 2974 1362 3036 Cuius
1386 2975 1498 3050 ampla
1519 2974 1611 3049 regia
1631 2970 1779 3033 interdiu

542 3089 662 3163 ,cantu
692 3090 726 3147 et
756 3086 936 3148 saltatione
967 3090 1116 3165 resonat,
1149 3089 1228 3149 dum
1258 3089 1361 3150 lautis
1392 3088 1497 3164 epulis
1519 3102 1578 3147 rex
1601 3101 1678 3147 cum
1702 3085 1778 3146 suis

542 3201 759 3277 ,perfruitur;
796 3216 913 3262 omnes
947 3202 1037 3263 enim
1067 3204 1101 3264 in
1133 3203 1239 3279 ipsius
1270 3204 1407 3265 aedibus
1438 3202 1600 3263 habitant.
1627 3200 1779 3275 Vespera

544 3318 676 3393 ,autem
701 3331 778 3377 cum
801 3317 906 3395 venit,
931 3318 965 3377 in
987 3333 1050 3379 sua
1073 3319 1199 3394 singuli
1221 3318 1372 3381 cubicula
1396 3318 1570 3379 discedunt
1594 3330 1777 3377 cumuxo·

542 3430 670 3505 ,ribus;
695 3427 781 3490 illias
804 3428 895 3489 enim
917 3428 997 3491 filiis
1021 3432 1055 3491 in
1077 3433 1335 3493 matrimonium
1358 3432 1450 3493 dedit
1472 3429 1631 3492 Aeolus.''
1654 3463 1695 3473 -
1721 3430 1778 3489 Sic

540 3545 573 3605 iu
597 3545 745 3618 Odyssea
768 3542 980 3619 narratarum
1005 3560 1023 3605 e
1046 3549 1239 3607 sanctarum
1263 3546 1366 3621 igitur
1388 3543 1574 3606 fabularum
1595 3542 1673 3604 orbe
1693 3544 1777 3603 haec

541 3661 626 3732 erat;
651 3658 723 3718 erat
744 3671 814 3717 una
832 3672 850 3717 e
870 3656 982 3730 micis,
1003 3672 1089 3730 quas
1108 3658 1291 3720 Homerum
1314 3658 1353 3719 de
1371 3657 1469 3734 plena
1485 3672 1604 3719 mensa
1620 3655 1778 3731 delapsas

541 3771 679 3847 tragicis
703 3769 810 3846 poetis
833 3769 1054 3844 sublegendas
1077 3770 1251 3845 reliquisse
1281 3772 1390 3833 dicere
1418 3771 1555 3832 amabat
1576 3769 1778 3843 Aeschylus.

540 3885 614 3961 Vel,
646 3886 684 3945 ut
714 3883 787 3944 sine
815 3883 961 3957 imagine
984 3883 1169 3961 loquamur,
1195 3886 1384 3960 tragoediae
1409 3888 1487 3960 apta
1510 3886 1583 3945 erat
1606 3882 1778 3943 materies.

541 3998 709 4075 Quomodo
733 4000 848 4057 autem
871 3997 934 4057 hoc
956 4001 1153 4072 argumento
1176 4015 1259 4061 usus
1283 4003 1335 4061 est
1357 3998 1553 4075 Euripides?
1584 3996 1677 4058 Fecit
1700 3996 1779 4056 inde

541 4112 657 4171 drama
675 4111 798 4171 furoris
817 4112 851 4170 et
869 4110 1005 4171 sceleris
1024 4110 1176 4189 plenum,
1197 4111 1345 4173 lacrimis
1364 4116 1398 4175 st
1414 4112 1576 4187 sanguine
1594 4111 1777 4185 scriptum:

541 4226 665 4287 amoris
697 4224 877 4287 celebravit
900 4225 968 4286 vim
992 4225 1154 4287 invictam
1180 4229 1213 4287 et
1237 4242 1294 4287 eos
1318 4242 1447 4301 quoque
1474 4225 1617 4302 parietes
1638 4224 1778 4299 perfrin-

541 4342 675 4416 gentem
687 4340 807 4413 quibus
819 4341 939 4400 natura
958 4340 1085 4415 saepsit
1103 4340 1278 4401 familiam.
1296 4340 1367 4401 Non
1380 4339 1502 4401 fabella
1514 4340 1543 4401 ei
1555 4340 1618 4400 fuit
1630 4337 1779 4413 simplex

542 4458 575 4516 et
606 4469 648 4514 ex
678 4468 718 4514 ea
748 4452 881 4527 regione
910 4452 964 4513 vel
995 4468 1037 4513 ex
1061 4468 1101 4514 ea
1124 4456 1234 4514 aetate
1258 4454 1428 4530 desumta,
1452 4468 1535 4527 quae
1558 4452 1778 4513 matrimonia

542 4584 562 4628 a
592 4566 752 4628 iratribus
782 4582 859 4627 cum
886 4565 1055 4627 sororibus
1078 4567 1164 4627 inita
1187 4570 1304 4628 nosset
1327 4571 1361 4627 et
1382 4566 1546 4642 probaret,
1571 4566 1630 4626 sed
1653 4566 1780 4629 amoris

542 4681 660 4741 incesti
691 4681 881 4757 exemplum
912 4680 1160 4742 tristissimum.
1192 4681 1264 4741 Non
1296 4696 1371 4742 cum
1402 4681 1526 4740 Iunone
1550 4678 1639 4739 Iovis
1662 4692 1778 4740 sorore

542 4797 576 4855 et
595 4810 697 4856 uxore
717 4795 922 4871 comparavit
944 4794 1040 4857 Aeoli
1058 4792 1162 4856 filiam
1181 4795 1278 4857 fratri
1301 4796 1334 4855 in
1357 4795 1466 4870 prisca
1485 4791 1598 4854 fabula
1616 4794 1775 4887 nuptam,
