4067 5950
723 815 802 860 vrrs
825 815 865 859 ur
889 814 1058 860 ornamus.
1462 803 1504 862 35

274 988 423 1048 nondum
459 991 594 1050 venerat
628 989 699 1051 dies
732 989 917 1064 vigesimus
951 991 985 1049 et
1018 989 1160 1051 Athenis
1193 989 1295 1050 victor
1327 1004 1402 1049 cum
1436 1003 1506 1064 cap·

274 1100 358 1162 tivis
390 1103 514 1164 aderat.

321 1217 458 1291 Iamque
488 1219 648 1290 tanquam
681 1217 815 1277 heroem
846 1216 990 1290 aliquem
1023 1217 1227 1294 suspiciebat
1258 1233 1335 1278 eum
1359 1217 1510 1293 popellus

274 1332 386 1393 Piraei
408 1332 622 1392 turbulentus
644 1333 882 1407 promptusque
912 1332 953 1392 ad
980 1332 1197 1408 sperandum,
1230 1332 1348 1409 quippe
1372 1333 1425 1393 cui
1447 1333 1509 1393 for·

167 1450 170 1458 ’
274 1448 360 1506 tuna
384 1445 525 1506 adversa
548 1445 631 1505 nihil
655 1449 768 1520 posset
791 1445 977 1506 detrahere.
1007 1445 1178 1506 Novarum
1200 1461 1314 1506 rerum
1338 1448 1509 1508 auctorem

274 1561 346 1620 fore
381 1557 589 1620 confidebant
622 1558 789 1620 videlicet.
824 1559 994 1620 Novarum
1025 1574 1106 1620 sane
1136 1561 1236 1634 atque
1266 1560 1509 1637 inauditorum,

275 1675 336 1735 sed
356 1690 422 1735 non
442 1674 620 1734 meliorum
639 1689 739 1748 quam
756 1688 839 1746 quas
858 1673 978 1750 priscis
996 1673 1126 1733 civibus
1144 1673 1360 1735 tradidissent
1379 1676 1509 1750 patres!

275 1788 485 1849 Pellecturus
519 1789 673 1849 homines
706 1790 778 1848 erat
807 1802 915 1848 novus
942 1787 1010 1848 dux
1045 1790 1080 1848 et
1110 1788 1323 1864 decepturus,
1355 1790 1508 1863 quemad·

276 1905 414 1964 modum
445 1919 533 1965 nunc
562 1919 619 1965 eus
647 1903 844 1979 decipiebat,
875 1903 993 1976 pennis
1015 1904 1170 1978 pavoniis
1192 1903 1330 1964 ornatus
1353 1905 1510 1979 graculus

274 2018 488 2092 impudenter
510 2017 684 2094 surreptis.
708 2017 793 2077 Nam
817 2017 1008 2078 immerenti
1031 2017 1060 2078 ei
1085 2032 1246 2091 caecoque
1269 2019 1412 2093 quodam
1431 2033 1510 2080 casu

276 2132 425 2191 cesserat
446 2129 504 2192 illa
526 2130 644 2207 gloria,
668 2129 791 2191 stultae
814 2129 942 2190 scilicet
963 2130 1154 2191 iactationis
1177 2131 1376 2208 praemium.

325 2245 379 2305 Sic
412 2244 446 2304 in
482 2243 638 2306 Cleonem
673 2243 919 2304 invehebantur
954 2244 1010 2316 qui
1043 2243 1266 2319 Aristophane
1301 2247 1335 2306 et
1363 2247 1511 2307 seniores

277 2360 373 2419 erant
408 2360 442 2417 et
475 2372 586 2418 rerum
622 2355 830 2432 publicarum
865 2355 1057 2431 peritiores;
1094 2357 1210 2418 eadem
1246 2360 1361 2419 autem
1396 2363 1511 2420 mente

278 2471 455 2544 verbisque
483 2470 651 2531 similibus
679 2470 719 2530 de
749 2485 788 2530 eo
812 2469 1016 2530 sententiam
1040 2469 1119 2529 tulit
1142 2470 1349 2546 Thucydides
1372 2473 1512 2548 scriptor

277 2585 392 2658 gravis
426 2587 525 2658 atque
562 2599 710 2645 severus.
750 2583 832 2658 Quid
875 2583 997 2643 mirum
1031 2583 1134 2658 igitur
1173 2600 1372 2660 persuasum
1406 2585 1511 2648 tuisse

277 2700 398 2774 poetae
431 2698 558 2773 iuveni,
589 2697 676 2759 baud
707 2697 819 2770 inique
849 2711 886 2756 se
917 2697 1022 2771 partis
1048 2697 1216 2772 popularis
1239 2698 1355 2759 ducem
1378 2701 1507 2776 rodere,

277 2828 358 2874 cum
392 2813 536 2873 stultum
570 2811 817 2884 scelestumque
853 2811 986 2871 vo'caret
1028 2810 1256 2885 impostorem.
1298 2813 1510 2874 Furiosorum

276 2927 455 2989 hominum
486 2926 606 2987 civitas
637 2925 667 2987 ei
696 2923 870 2986 uidebatur
901 2923 993 3000 urbs,
1027 2924 1083 2984 ubi
1113 2923 1267 2986 laudibus
1294 2925 1511 2989 extolleretur

275 3045 346 3103 ista
382 3041 490 3102 bestia
523 3040 743 3116 praemiisque
781 3037 919 3114 publicis
950 3039 1187 3101 cumularetur.
1222 3039 1377 3101 Cleonem
1409 3057 1511 3102 cenae

277 3158 460 3230 prytanum
497 3155 565 3215 iam
604 3154 753 3215 adiacere
791 3152 951 3227 quotidie,
983 3154 1158 3213 convivam
1194 3154 1508 3216 honoratissimum!

279 3268 394 3329 Oleoni
428 3268 462 3328 in
493 3268 609 3344 primis
638 3267 762 3329 theatri
792 3265 961 3328 subselliis
990 3281 1089 3335 suum
1125 3282 1198 3328 esse
1233 3267 1357 3345 locum,
1394 3271 1509 3344 utpote

279 3382 320 3442 de
344 3382 454 3457 patria
476 3381 558 3443 bene
583 3382 720 3442 meritol

325 3495 452 3571 Ergone
483 3511 521 3556 eo
553 3510 657 3569 usque
683 3495 750 3555 iam
774 3497 971 3570 perventum
995 3496 1047 3555 est
1071 3509 1135 3568 quo
1157 3494 1335 3569 procedere
1357 3499 1511 3571 poterant

278 3610 456 3670 hominum
476 3608 621 3670 stultitia
639 3611 672 3669 et
691 3608 910 3683 improbitas?
929 3608 1131 3669 Minime...
1152 3612 1184 3669 et
1197 3610 1231 3668 in
1251 3612 1367 3684 poetae
1379 3611 1511 3685 pectore

280 3722 492 3806 excandescit
516 3723 567 3782 vis
591 3721 714 3798 ingenii
728 3766 735 3783 .
750 3766 757 3782 .
772 3766 779 3783 .
793 3722 895 3783 etiam
919 3722 1063 3783 deterior
1086 3724 1159 3798 ant,
1190 3726 1227 3783 ut
1251 3723 1301 3783 illi
1322 3723 1511 3801 loquuntur,

279 3836 384 3897 etiam
407 3834 527 3896 melior
549 3834 619 3896 tleri
642 3836 753 3910 potest
775 3834 902 3910 patriae
926 3835 1083 3896 condicio.
1109 3836 1189 3895 Post
1211 3835 1348 3897 Periclis
1367 3840 1511 3899 mortem

279 3950 331 4011 rei
360 3948 507 4024 publicae
532 3948 770 4024 aliquantisper
800 3948 1025 4024 praepositum
1050 3949 1194 4010 vidimus
1216 3950 1391 4012 Eucratem
1414 3951 1512 4027 pisto-

280 4078 368 4140 rem,
394 4063 469 4124 dein
491 4062 657 4137 Lysiclem
676 4064 882 4138 pecuarium,
902 4064 1034 4137 iamque
1054 4064 1212 4124 coriarius
1231 4065 1294 4126 iste
1315 4065 1513 4126 clamoribus

281 4178 355 4237 suis
388 4176 499 4252 opplet
530 4176 663 4237 omnia.
679 4176 967 4250 ..aliquantulum
999 4178 1100 4237 etiam
1132 4178 1247 4238 eadem
1279 4179 1334 4238 via
1357 4181 1515 4253 pergatur

282 4292 317 4350 et
340 4290 462 4367 popelli
484 4289 634 4365 potestas
657 4304 717 4349 suo
740 4290 809 4350 lato
834 4290 994 4350 concidet.

327 4404 376 4464 En
412 4418 518 4465 novae
551 4402 682 4463 fabulae
713 4406 965 4481 argumentum,
997 4418 1063 4477 qua
1093 4403 1127 4463 in
1157 4403 1313 4465 cleonem
1343 4408 1441 4480 poeta
1464 4408 1516 4466 est
1588 4411 1590 4414 ’

281 4518 589 4579 animadversurus.
629 4517 899 4593 Impurissimum
935 4518 1099 4592 quendam
1136 4518 1320 4594 hominem,
1358 4535 1375 4579 e
1409 4520 1516 4594 plebis

280 4631 412 4692 faecula
435 4634 579 4707 cretum,
603 4631 692 4691 inter
713 4646 830 4706 porcos
854 4632 1035 4707 eruditum,
1060 4632 1181 4706 pugnis
1199 4632 1409 4705 fustibusque
1429 4633 1514 4693 dola·

282 4748 371 4820 tum,
396 4746 529 4820 praeter
551 4744 733 4805 mentiendi
756 4743 892 4805 fallendi
920 4744 1104 4804 suffurandi
1127 4747 1217 4805 artes
1240 4745 1323 4804 nihil
1347 4747 1515 4823 edoctum,

283 4858 415 4919 civitati
446 4858 700 4919 Atheniensium
730 4860 958 4933 praepositum
988 4859 1157 4931 ostendet,
1190 4860 1230 4919 ab
1254 4860 1336 4935 ipsis
1357 4860 1516 4921 nimirum
