<?xml version="1.0" encoding="UTF-8"?>
<!DOCTYPE html PUBLIC "-//W3C//DTD XHTML 1.0 Transitional//EN"
    "http://www.w3.org/TR/xhtml1/DTD/xhtml1-transitional.dtd">
<html xmlns="http://www.w3.org/1999/xhtml" xml:lang="en" lang="en">
 <head>
  <title>
</title>
<meta http-equiv="Content-Type" content="text/html;charset=utf-8" />
  <meta name='ocr-system' content='tesseract 3.04.00' />
  <meta name='ocr-capabilities' content='ocr_page ocr_carea ocr_par ocr_line ocrx_word'/>
</head>
<body>
  <div class='ocr_page' id='page_1' title='image "./prolegomenaadar01unkngoog/prolegomenaadar01unkngoog_0194.png"; bbox 0 0 4067 5950; ppageno 0'>
   <div class='ocr_carea' id='block_1_1' title="bbox 498 2097 509 2145">
    <p class='ocr_par' dir='ltr' id='par_1_1' title="bbox 498 2097 509 2145">
     <span class='ocr_line' id='line_1_1' title="bbox 498 2097 509 2145; baseline 0 0"><span class='ocrx_word' id='word_1_1' title='bbox 498 2097 509 2145; x_wconf 95' lang='lat' dir='ltr'>l</span> 
     </span>
    </p>
   </div>
   <div class='ocr_carea' id='block_1_2' title="bbox 549 786 1304 853">
    <p class='ocr_par' dir='ltr' id='par_1_2' title="bbox 549 786 1304 853">
     <span class='ocr_line' id='line_1_2' title="bbox 549 786 1304 853; baseline 0.011 -8"><span class='ocrx_word' id='word_1_2' title='bbox 549 786 612 846; x_wconf 83' lang='lat'><strong><em>182</em></strong></span> <span class='ocrx_word' id='word_1_3' title='bbox 1014 806 1304 853; x_wconf 74' lang='grc' dir='ltr'><strong><em>οεεκκετιοοκσκ</em></strong></span> 
     </span>
    </p>
   </div>
   <div class='ocr_carea' id='block_1_3' title="bbox 546 975 1782 1402">
    <p class='ocr_par' dir='ltr' id='par_1_3' title="bbox 546 975 1782 1402">
     <span class='ocr_line' id='line_1_3' title="bbox 546 975 1780 1066; baseline 0.006 -29"><span class='ocrx_word' id='word_1_4' title='bbox 546 984 638 1055; x_wconf 79' lang='grc' dir='ltr'><strong><em>χοροῦ</em></strong></span> <span class='ocrx_word' id='word_1_5' title='bbox 661 975 764 1057; x_wconf 90' lang='grc' dir='ltr'><strong><em>μέρος,</em></strong></span> <span class='ocrx_word' id='word_1_6' title='bbox 788 978 928 1058; x_wconf 83' lang='grc' dir='ltr'><strong><em>δεύτερον</em></strong></span> <span class='ocrx_word' id='word_1_7' title='bbox 953 976 1076 1059; x_wconf 90' lang='grc' dir='ltr'><strong><em>χορικὸν</em></strong></span> <span class='ocrx_word' id='word_1_8' title='bbox 1098 977 1132 1040; x_wconf 91' lang='grc' dir='ltr'><strong><em>τὸ</em></strong></span> <span class='ocrx_word' id='word_1_9' title='bbox 1155 986 1210 1039; x_wconf 79' lang='grc' dir='ltr'><strong><em>τοῦ</em></strong></span> <span class='ocrx_word' id='word_1_10' title='bbox 1229 988 1322 1059; x_wconf 80' lang='grc' dir='ltr'><strong><em>χοροῦ</em></strong></span> <span class='ocrx_word' id='word_1_11' title='bbox 1346 979 1496 1065; x_wconf 78' lang='grc' dir='ltr'><strong><em>ᾀδόμενον</em></strong></span> <span class='ocrx_word' id='word_1_12' title='bbox 1513 979 1535 1056; x_wconf 88' lang='lat'><strong><em>¹)</em></strong></span> <span class='ocrx_word' id='word_1_13' title='bbox 1556 982 1662 1063; x_wconf 89' lang='grc' dir='ltr'><strong><em>μέλος,</em></strong></span> <span class='ocrx_word' id='word_1_14' title='bbox 1685 986 1780 1066; x_wconf 91' lang='grc' dir='ltr'><strong><em>τρίτον</em></strong></span> 
     </span>
     <span class='ocr_line' id='line_1_4' title="bbox 547 1090 1782 1176; baseline 0.005 -23"><span class='ocrx_word' id='word_1_15' title='bbox 547 1090 718 1153; x_wconf 85' lang='grc' dir='ltr'><strong><em>ίπεισόδιον</em></strong></span> <span class='ocrx_word' id='word_1_16' title='bbox 740 1091 772 1154; x_wconf 90' lang='grc' dir='ltr'><strong><em>τὸ</em></strong></span> <span class='ocrx_word' id='word_1_17' title='bbox 795 1092 906 1171; x_wconf 87' lang='grc' dir='ltr'><strong><em>μεταξὸ</em></strong></span> <span class='ocrx_word' id='word_1_18' title='bbox 930 1092 987 1155; x_wconf 85' lang='grc' dir='ltr'><strong><em>δόο</em></strong></span> <span class='ocrx_word' id='word_1_19' title='bbox 1008 1103 1139 1173; x_wconf 80' lang='grc' dir='ltr'><strong><em>χορικῶν</em></strong></span> <span class='ocrx_word' id='word_1_20' title='bbox 1162 1098 1270 1173; x_wconf 79' lang='grc' dir='ltr'><strong><em>μελῶν,</em></strong></span> <span class='ocrx_word' id='word_1_21' title='bbox 1291 1092 1431 1176; x_wconf 90' lang='grc' dir='ltr'><strong><em>τέταρτον</em></strong></span> <span class='ocrx_word' id='word_1_22' title='bbox 1454 1094 1558 1171; x_wconf 76' lang='grc' dir='ltr'><strong><em>ἔξοδος</em></strong></span> <span class='ocrx_word' id='word_1_23' title='bbox 1580 1098 1613 1159; x_wconf 88' lang='grc' dir='ltr'><strong><em>τὸ</em></strong></span> <span class='ocrx_word' id='word_1_24' title='bbox 1635 1098 1689 1160; x_wconf 80' lang='grc' dir='ltr'><strong><em>ε’πὸ</em></strong></span> <span class='ocrx_word' id='word_1_25' title='bbox 1714 1098 1782 1161; x_wconf 85' lang='grc' dir='ltr'><strong><em>τέλει</em></strong></span> 
     </span>
     <span class='ocr_line' id='line_1_5' title="bbox 548 1203 1782 1292; baseline 0.007 -27"><span class='ocrx_word' id='word_1_26' title='bbox 548 1204 711 1286; x_wconf 79' lang='grc' dir='ltr'><strong><em>λεγόμενον</em></strong></span> <span class='ocrx_word' id='word_1_27' title='bbox 740 1215 795 1268; x_wconf 83' lang='grc' dir='ltr'><strong><em>τοῦ</em></strong></span> <span class='ocrx_word' id='word_1_28' title='bbox 825 1215 926 1287; x_wconf 79' lang='grc' dir='ltr'><strong><em>χοροῦ.</em></strong></span> <span class='ocrx_word' id='word_1_29' title='bbox 957 1206 1073 1288; x_wconf 81' lang='grc' dir='ltr'><strong><em>εἴρηται</em></strong></span> <span class='ocrx_word' id='word_1_30' title='bbox 1104 1203 1138 1268; x_wconf 84' lang='grc' dir='ltr'><strong><em>δέ</em></strong></span> <span class='ocrx_word' id='word_1_31' title='bbox 1167 1205 1219 1268; x_wconf 81' lang='grc' dir='ltr'><strong><em>καὶ</em></strong></span> <span class='ocrx_word' id='word_1_32' title='bbox 1248 1207 1329 1269; x_wconf 91' lang='grc' dir='ltr'><strong><em>πόσα</em></strong></span> <span class='ocrx_word' id='word_1_33' title='bbox 1359 1206 1434 1289; x_wconf 90' lang='grc' dir='ltr'><strong><em>μέρη</em></strong></span> <span class='ocrx_word' id='word_1_34' title='bbox 1464 1211 1677 1291; x_wconf 76' lang='grc' dir='ltr'><strong><em>παραβάσεως·</em></strong></span> <span class='ocrx_word' id='word_1_35' title='bbox 1709 1210 1782 1292; x_wconf 75' lang='grc' dir='ltr'><strong><em>ἠδέ</em></strong></span> 
     </span>
     <span class='ocr_line' id='line_1_6' title="bbox 550 1318 953 1402; baseline 0.005 -23"><span class='ocrx_word' id='word_1_36' title='bbox 550 1318 721 1400; x_wconf 72' lang='grc' dir='ltr'><strong><em>παράβασις</em></strong></span> <span class='ocrx_word' id='word_1_37' title='bbox 743 1329 798 1383; x_wconf 79' lang='grc' dir='ltr'><strong><em>τοῦ</em></strong></span> <span class='ocrx_word' id='word_1_38' title='bbox 820 1330 953 1402; x_wconf 85' lang='grc' dir='ltr'><strong><em>χορικοῦ.</em></strong></span> 
     </span>
    </p>
   </div>
   <div class='ocr_carea' id='block_1_4' title="bbox 596 1478 1626 1794">
    <p class='ocr_par' dir='ltr' id='par_1_4' title="bbox 596 1478 1626 1794">
     <span class='ocr_line' id='line_1_7' title="bbox 596 1478 1406 1565; baseline 0.004 -23"><span class='ocrx_word' id='word_1_39' title='bbox 596 1478 808 1564; x_wconf 54' lang='grc' dir='ltr'><strong><em>έπόχραμμαῆ</em></strong></span> <span class='ocrx_word' id='word_1_40' title='bbox 838 1480 1017 1563; x_wconf 74' lang='grc' dir='ltr'><strong><em>ἐπιτύμβιον</em></strong></span> <span class='ocrx_word' id='word_1_41' title='bbox 1048 1484 1091 1557; x_wconf 82' lang='grc' dir='ltr'><strong><em>τίς</em></strong></span> <span class='ocrx_word' id='word_1_42' title='bbox 1122 1482 1174 1545; x_wconf 91' lang='grc' dir='ltr'><strong><em>τὸν</em></strong></span> <span class='ocrx_word' id='word_1_43' title='bbox 1205 1486 1406 1565; x_wconf 76' lang='grc' dir='ltr'><strong><em>Ἀριστοφάνη</em></strong></span> 
     </span>
     <span class='ocr_line' id='line_1_8' title="bbox 730 1592 1626 1686; baseline 0.006 -29"><span class='ocrx_word' id='word_1_44' title='bbox 730 1601 816 1669; x_wconf 84' lang='grc' dir='ltr'><strong><em>θεῖος</em></strong></span> <span class='ocrx_word' id='word_1_45' title='bbox 839 1596 1069 1677; x_wconf 70' lang='grc' dir='ltr'><strong><em>Ἀριστοφάνεος</em></strong></span> <span class='ocrx_word' id='word_1_46' title='bbox 1092 1592 1141 1658; x_wconf 78' lang='grc' dir='ltr'><strong><em>ὑπ’</em></strong></span> <span class='ocrx_word' id='word_1_47' title='bbox 1168 1595 1235 1678; x_wconf 83' lang='grc' dir='ltr'><strong><em>έμοί</em></strong></span> <span class='ocrx_word' id='word_1_48' title='bbox 1257 1598 1359 1679; x_wconf 87' lang='grc' dir='ltr'><strong><em>νέκυς,</em></strong></span> <span class='ocrx_word' id='word_1_49' title='bbox 1381 1599 1412 1661; x_wconf 83' lang='grc' dir='ltr'><strong><em>εἴ</em></strong></span> <span class='ocrx_word' id='word_1_50' title='bbox 1430 1624 1497 1661; x_wconf 87' lang='grc' dir='ltr'><strong><em>τινα</em></strong></span> <span class='ocrx_word' id='word_1_51' title='bbox 1521 1604 1626 1686; x_wconf 83' lang='grc' dir='ltr'><strong><em>πεάθη</em></strong></span> 
     </span>
     <span class='ocr_line' id='line_1_9' title="bbox 817 1708 1469 1794; baseline 0.003 -22"><span class='ocrx_word' id='word_1_52' title='bbox 817 1710 963 1789; x_wconf 86' lang='grc' dir='ltr'><strong><em>κωμικόν,</em></strong></span> <span class='ocrx_word' id='word_1_53' title='bbox 983 1708 1111 1791; x_wconf 88' lang='grc' dir='ltr'><strong><em>ἀρχαίης</em></strong></span> <span class='ocrx_word' id='word_1_54' title='bbox 1134 1720 1240 1790; x_wconf 82' lang='grc' dir='ltr'><strong><em>μνᾶμα</em></strong></span> <span class='ocrx_word' id='word_1_55' title='bbox 1263 1714 1469 1794; x_wconf 91' lang='grc' dir='ltr'><strong><em>χοροστασίης.</em></strong></span> 
     </span>
    </p>
   </div>
   <div class='ocr_carea' id='block_1_5' title="bbox 909 1888 1396 1977">
    <p class='ocr_par' dir='ltr' id='par_1_5' title="bbox 909 1888 1396 1977">
     <span class='ocr_line' id='line_1_10' title="bbox 909 1888 1396 1977; baseline 0.008 -28"><span class='ocrx_word' id='word_1_56' title='bbox 909 1888 999 1970; x_wconf 83' lang='grc' dir='ltr'><strong><em>περί</em></strong></span> <span class='ocrx_word' id='word_1_57' title='bbox 1031 1898 1101 1969; x_wconf 79' lang='grc' dir='ltr'><strong><em>τῇς</em></strong></span> <span class='ocrx_word' id='word_1_58' title='bbox 1130 1892 1340 1977; x_wconf 87' lang='grc' dir='ltr'><strong><em>κωμῳδίας</em></strong></span> <span class='ocrx_word' id='word_1_59' title='bbox 1364 1888 1396 1966; x_wconf 70' lang='lat'><strong><em>⁸)</em></strong></span> 
     </span>
    </p>
   </div>
   <div class='ocr_carea' id='block_1_6' title="bbox 556 2074 1787 2509">
    <p class='ocr_par' dir='ltr' id='par_1_6' title="bbox 556 2074 1787 2509">
     <span class='ocr_line' id='line_1_11' title="bbox 601 2074 1787 2161; baseline 0.003 -24"><span class='ocrx_word' id='word_1_60' title='bbox 601 2086 654 2156; x_wconf 84' lang='grc' dir='ltr'><strong><em>τῇς</em></strong></span> <span class='ocrx_word' id='word_1_61' title='bbox 685 2076 845 2161; x_wconf 88' lang='grc' dir='ltr'><strong><em>κωμῳδίας</em></strong></span> <span class='ocrx_word' id='word_1_62' title='bbox 875 2076 908 2138; x_wconf 92' lang='grc' dir='ltr'><strong><em>τὸ</em></strong></span> <span class='ocrx_word' id='word_1_63' title='bbox 937 2074 993 2156; x_wconf 86' lang='grc' dir='ltr'><strong><em>μέν</em></strong></span> <span class='ocrx_word' id='word_1_64' title='bbox 1017 2075 1097 2139; x_wconf 87' lang='grc' dir='ltr'><strong><em>έστιν</em></strong></span> <span class='ocrx_word' id='word_1_65' title='bbox 1121 2076 1259 2160; x_wconf 83' lang='grc' dir='ltr'><strong><em>ἀρχαῖον,</em></strong></span> <span class='ocrx_word' id='word_1_66' title='bbox 1279 2078 1312 2141; x_wconf 92' lang='grc' dir='ltr'><strong><em>τὸ</em></strong></span> <span class='ocrx_word' id='word_1_67' title='bbox 1336 2076 1369 2140; x_wconf 79' lang='grc' dir='ltr'><strong><em>δέ</em></strong></span> <span class='ocrx_word' id='word_1_68' title='bbox 1391 2079 1473 2160; x_wconf 93' lang='grc' dir='ltr'><strong><em>νέον,</em></strong></span> <span class='ocrx_word' id='word_1_69' title='bbox 1494 2080 1528 2143; x_wconf 91' lang='grc' dir='ltr'><strong><em>τὸ</em></strong></span> <span class='ocrx_word' id='word_1_70' title='bbox 1552 2079 1585 2143; x_wconf 82' lang='grc' dir='ltr'><strong><em>δὲ</em></strong></span> <span class='ocrx_word' id='word_1_71' title='bbox 1609 2081 1716 2161; x_wconf 80' lang='grc' dir='ltr'><strong><em>μέσον.</em></strong></span> <span class='ocrx_word' id='word_1_72' title='bbox 1739 2091 1787 2159; x_wconf 79' lang='grc' dir='ltr'><strong><em>τῆς</em></strong></span> 
     </span>
     <span class='ocr_line' id='line_1_12' title="bbox 556 2188 1787 2282; baseline 0.005 -30"><span class='ocrx_word' id='word_1_73' title='bbox 556 2188 589 2252; x_wconf 82' lang='grc' dir='ltr'><strong><em>δέ</em></strong></span> <span class='ocrx_word' id='word_1_74' title='bbox 619 2189 689 2264; x_wconf 90' lang='grc' dir='ltr'><strong><em>νέας</em></strong></span> <span class='ocrx_word' id='word_1_75' title='bbox 721 2189 858 2271; x_wconf 80' lang='grc' dir='ltr'><strong><em>διαφέρει</em></strong></span> <span class='ocrx_word' id='word_1_76' title='bbox 886 2188 906 2270; x_wconf 75' lang='grc' dir='ltr'>ἡ</span> <span class='ocrx_word' id='word_1_77' title='bbox 939 2190 1055 2253; x_wconf 88' lang='grc' dir='ltr'><strong><em>παλαιδι</em></strong></span> <span class='ocrx_word' id='word_1_78' title='bbox 1083 2193 1227 2279; x_wconf 88' lang='grc' dir='ltr'><strong><em>κωμῳδία</em></strong></span> <span class='ocrx_word' id='word_1_79' title='bbox 1257 2193 1366 2280; x_wconf 90' lang='grc' dir='ltr'><strong><em>χρόνῳ,</em></strong></span> <span class='ocrx_word' id='word_1_80' title='bbox 1395 2194 1552 2282; x_wconf 88' lang='grc' dir='ltr'><strong><em>διαλέκτῳ,</em></strong></span> <span class='ocrx_word' id='word_1_81' title='bbox 1582 2197 1657 2281; x_wconf 81' lang='grc' dir='ltr'><strong><em>δλη,</em></strong></span> <span class='ocrx_word' id='word_1_82' title='bbox 1680 2195 1787 2280; x_wconf 81' lang='grc' dir='ltr'><strong><em>μέτρῳ,</em></strong></span> 
     </span>
     <span class='ocr_line' id='line_1_13' title="bbox 556 2302 1787 2390; baseline 0.002 -25"><span class='ocrx_word' id='word_1_83' title='bbox 556 2306 709 2390; x_wconf 88' lang='grc' dir='ltr'><strong><em>διασκευῇ.</em></strong></span> <span class='ocrx_word' id='word_1_84' title='bbox 740 2304 838 2386; x_wconf 80' lang='grc' dir='ltr'><strong><em>χρόνῳ</em></strong></span> <span class='ocrx_word' id='word_1_85' title='bbox 870 2302 937 2384; x_wconf 90' lang='grc' dir='ltr'><strong><em>μέν,</em></strong></span> <span class='ocrx_word' id='word_1_86' title='bbox 965 2306 1048 2368; x_wconf 82' lang='grc' dir='ltr'><strong><em>καθὸ</em></strong></span> <span class='ocrx_word' id='word_1_87' title='bbox 1071 2303 1091 2385; x_wconf 79' lang='grc' dir='ltr'>ἡ</span> <span class='ocrx_word' id='word_1_88' title='bbox 1114 2304 1170 2381; x_wconf 84' lang='grc' dir='ltr'><strong><em>μὲν</em></strong></span> <span class='ocrx_word' id='word_1_89' title='bbox 1193 2305 1247 2368; x_wconf 93' lang='grc' dir='ltr'><strong><em>νέα</em></strong></span> <span class='ocrx_word' id='word_1_90' title='bbox 1272 2306 1320 2369; x_wconf 80' lang='grc' dir='ltr'><strong><em>ἐπὶ</em></strong></span> <span class='ocrx_word' id='word_1_91' title='bbox 1343 2310 1551 2390; x_wconf 86' lang='grc' dir='ltr'><strong><em>Ἀλεξάνδρον,</em></strong></span> <span class='ocrx_word' id='word_1_92' title='bbox 1573 2306 1593 2388; x_wconf 76' lang='grc' dir='ltr'><em>ἡ</em></span> <span class='ocrx_word' id='word_1_93' title='bbox 1617 2308 1650 2371; x_wconf 82' lang='grc' dir='ltr'><strong><em>δὲ</em></strong></span> <span class='ocrx_word' id='word_1_94' title='bbox 1675 2307 1787 2370; x_wconf 82' lang='grc' dir='ltr'><strong><em>παλαιὰ</em></strong></span> 
     </span>
     <span class='ocr_line' id='line_1_14' title="bbox 556 2414 1786 2509; baseline 0.002 -30"><span class='ocrx_word' id='word_1_95' title='bbox 556 2416 606 2479; x_wconf 81' lang='grc' dir='ltr'><strong><em>έπὸ</em></strong></span> <span class='ocrx_word' id='word_1_96' title='bbox 638 2428 698 2479; x_wconf 86' lang='grc' dir='ltr'><strong><em>τῶν</em></strong></span> <span class='ocrx_word' id='word_1_97' title='bbox 730 2423 1027 2498; x_wconf 80' lang='grc' dir='ltr'><strong><em>Πελοποννησιακῶν</em></strong></span> <span class='ocrx_word' id='word_1_98' title='bbox 1051 2414 1109 2500; x_wconf 85' lang='grc' dir='ltr'><strong><em>εἶχε</em></strong></span> <span class='ocrx_word' id='word_1_99' title='bbox 1131 2420 1187 2500; x_wconf 80' lang='grc' dir='ltr'><strong><em>τὴν</em></strong></span> <span class='ocrx_word' id='word_1_100' title='bbox 1209 2420 1318 2502; x_wconf 80' lang='grc' dir='ltr'><strong><em>ἀκμήν.</em></strong></span> <span class='ocrx_word' id='word_1_101' title='bbox 1343 2420 1487 2509; x_wconf 80' lang='grc' dir='ltr'><strong><em>διαλέκτῳ</em></strong></span> <span class='ocrx_word' id='word_1_102' title='bbox 1512 2420 1560 2502; x_wconf 84' lang='grc' dir='ltr'><strong><em>δέ,</em></strong></span> <span class='ocrx_word' id='word_1_103' title='bbox 1585 2422 1667 2484; x_wconf 92' lang='grc' dir='ltr'><strong><em>καθὸ</em></strong></span> <span class='ocrx_word' id='word_1_104' title='bbox 1693 2420 1714 2500; x_wconf 80' lang='grc' dir='ltr'><em>ἡ</em></span> <span class='ocrx_word' id='word_1_105' title='bbox 1738 2420 1786 2501; x_wconf 78' lang='grc' dir='ltr'><strong><em>μὲν</em></strong></span> 
     </span>
    </p>
   </div>
   <div class='ocr_carea' id='block_1_7' title="bbox 558 2530 1789 4326">
    <p class='ocr_par' dir='ltr' id='par_1_7' title="bbox 558 2530 1789 4326">
     <span class='ocr_line' id='line_1_15' title="bbox 559 2530 1786 2619; baseline 0.002 -27"><span class='ocrx_word' id='word_1_106' title='bbox 559 2530 613 2593; x_wconf 88' lang='grc' dir='ltr'><strong><em>νέα</em></strong></span> <span class='ocrx_word' id='word_1_107' title='bbox 643 2531 676 2593; x_wconf 91' lang='grc' dir='ltr'><strong><em>τὸ</em></strong></span> <span class='ocrx_word' id='word_1_108' title='bbox 707 2531 892 2613; x_wconf 90' lang='grc' dir='ltr'><strong><em>σαφέστερον</em></strong></span> <span class='ocrx_word' id='word_1_109' title='bbox 922 2532 995 2613; x_wconf 78' lang='grc' dir='ltr'><strong><em>έχει,</em></strong></span> <span class='ocrx_word' id='word_1_110' title='bbox 1026 2545 1062 2619; x_wconf 90' lang='grc' dir='ltr'><strong><em>τῇ</em></strong></span> <span class='ocrx_word' id='word_1_111' title='bbox 1093 2534 1146 2619; x_wconf 80' lang='grc' dir='ltr'><strong><em>νέῳ</em></strong></span> <span class='ocrx_word' id='word_1_112' title='bbox 1177 2535 1343 2617; x_wconf 85' lang='grc' dir='ltr'><strong><em>κεχρημένη</em></strong></span> <span class='ocrx_word' id='word_1_113' title='bbox 1368 2537 1497 2614; x_wconf 77' lang='grc' dir='ltr'><strong><em>Ἀτθίδι,</em></strong></span> <span class='ocrx_word' id='word_1_114' title='bbox 1518 2534 1537 2614; x_wconf 80' lang='grc' dir='ltr'><em>ἡ</em></span> <span class='ocrx_word' id='word_1_115' title='bbox 1562 2533 1596 2596; x_wconf 82' lang='grc' dir='ltr'><strong><em>δὲ</em></strong></span> <span class='ocrx_word' id='word_1_116' title='bbox 1617 2534 1737 2596; x_wconf 87' lang='grc' dir='ltr'><strong><em>παλάιὸι</em></strong></span> <span class='ocrx_word' id='word_1_117' title='bbox 1758 2532 1786 2594; x_wconf 89' lang='grc' dir='ltr'><strong><em>τὸ</em></strong></span> 
     </span>
     <span class='ocr_line' id='line_1_16' title="bbox 558 2645 1787 2729; baseline 0 -22"><span class='ocrx_word' id='word_1_118' title='bbox 558 2646 661 2708; x_wconf 91' lang='grc' dir='ltr'><strong><em>δεινὸν</em></strong></span> <span class='ocrx_word' id='word_1_119' title='bbox 684 2645 735 2708; x_wconf 84' lang='grc' dir='ltr'><strong><em>καί</em></strong></span> <span class='ocrx_word' id='word_1_120' title='bbox 758 2645 881 2726; x_wconf 84' lang='grc' dir='ltr'><strong><em>δψηλὸν</em></strong></span> <span class='ocrx_word' id='word_1_121' title='bbox 903 2655 958 2709; x_wconf 78' lang='grc' dir='ltr'><strong><em>τοῦ</em></strong></span> <span class='ocrx_word' id='word_1_122' title='bbox 981 2647 1082 2729; x_wconf 79' lang='grc' dir='ltr'><strong><em>λόγον·</em></strong></span> <span class='ocrx_word' id='word_1_123' title='bbox 1107 2648 1201 2710; x_wconf 87' lang='grc' dir='ltr'><strong><em>ένίοτε</em></strong></span> <span class='ocrx_word' id='word_1_124' title='bbox 1225 2646 1259 2711; x_wconf 78' lang='grc' dir='ltr'><strong><em>δέ</em></strong></span> <span class='ocrx_word' id='word_1_125' title='bbox 1280 2647 1332 2711; x_wconf 82' lang='grc' dir='ltr'><strong><em>καὸ</em></strong></span> <span class='ocrx_word' id='word_1_126' title='bbox 1355 2647 1565 2729; x_wconf 85' lang='grc' dir='ltr'><strong><em>έπιτηδεάονσι</em></strong></span> <span class='ocrx_word' id='word_1_127' title='bbox 1587 2649 1679 2723; x_wconf 86' lang='grc' dir='ltr'><strong><em>λέξεις</em></strong></span> <span class='ocrx_word' id='word_1_128' title='bbox 1700 2650 1787 2719; x_wconf 91' lang='grc' dir='ltr'><strong><em>τινάς.</em></strong></span> 
     </span>
     <span class='ocr_line' id='line_1_17' title="bbox 559 2757 1787 2845; baseline -0.002 -23"><span class='ocrx_word' id='word_1_129' title='bbox 559 2762 616 2845; x_wconf 80' lang='grc' dir='ltr'><strong><em>δλη</em></strong></span> <span class='ocrx_word' id='word_1_130' title='bbox 647 2758 690 2839; x_wconf 87' lang='grc' dir='ltr'><strong><em>δέ,</em></strong></span> <span class='ocrx_word' id='word_1_131' title='bbox 722 2760 833 2825; x_wconf 83' lang='grc' dir='ltr'><strong><em>(καθὸ</em></strong></span> <span class='ocrx_word' id='word_1_132' title='bbox 863 2757 883 2839; x_wconf 74' lang='grc' dir='ltr'><strong>ἡ</strong></span> <span class='ocrx_word' id='word_1_133' title='bbox 914 2758 969 2840; x_wconf 84' lang='grc' dir='ltr'><strong><em>μέν</em></strong></span> <span class='ocrx_word' id='word_1_134' title='bbox 992 2760 1047 2823; x_wconf 87' lang='grc' dir='ltr'><strong><em>νέα</em></strong></span> <span class='ocrx_word' id='word_1_135' title='bbox 1071 2760 1197 2841; x_wconf 86' lang='grc' dir='ltr'><strong><em>ἀληθεῖς</em></strong></span> <span class='ocrx_word' id='word_1_136' title='bbox 1220 2763 1279 2844; x_wconf 74' lang='grc' dir='ltr'><strong><em>ἔχει</em></strong></span> <span class='ocrx_word' id='word_1_137' title='bbox 1301 2762 1353 2836; x_wconf 89' lang='grc' dir='ltr'><strong><em>τδις</em></strong></span> <span class='ocrx_word' id='word_1_138' title='bbox 1375 2761 1554 2842; x_wconf 78' lang='grc' dir='ltr'><strong><em>ὑποθέσεις,</em></strong></span> <span class='ocrx_word' id='word_1_139' title='bbox 1576 2760 1596 2841; x_wconf 79' lang='grc' dir='ltr'><strong><em>ῇ</em></strong></span> <span class='ocrx_word' id='word_1_140' title='bbox 1621 2761 1654 2824; x_wconf 81' lang='grc' dir='ltr'><strong><em>δέ</em></strong></span> <span class='ocrx_word' id='word_1_141' title='bbox 1677 2760 1787 2823; x_wconf 83' lang='grc' dir='ltr'><strong><em>παλαιὰ</em></strong></span> 
     </span>
     <span class='ocr_line' id='line_1_18' title="bbox 559 2869 1788 2961; baseline -0.002 -25"><span class='ocrx_word' id='word_1_142' title='bbox 559 2873 616 2936; x_wconf 80' lang='grc' dir='ltr'><strong><em>οὐκ</em></strong></span> <span class='ocrx_word' id='word_1_143' title='bbox 646 2873 781 2953; x_wconf 85' lang='grc' dir='ltr'><strong><em>ἀληθεῖς.</em></strong></span> <span class='ocrx_word' id='word_1_144' title='bbox 811 2873 907 2961; x_wconf 87' lang='grc' dir='ltr'><strong><em>μέτρῳ</em></strong></span> <span class='ocrx_word' id='word_1_145' title='bbox 938 2873 1010 2953; x_wconf 91' lang='grc' dir='ltr'><strong><em>δέ,&gt;</em></strong></span> <span class='ocrx_word' id='word_1_146' title='bbox 1026 2869 1050 2947; x_wconf 73' lang='lat'><strong><em>⁴)</em></strong></span> <span class='ocrx_word' id='word_1_147' title='bbox 1081 2876 1163 2938; x_wconf 90' lang='grc' dir='ltr'><strong><em>καθὸ</em></strong></span> <span class='ocrx_word' id='word_1_148' title='bbox 1192 2874 1212 2955; x_wconf 79' lang='grc' dir='ltr'><em>ἡ</em></span> <span class='ocrx_word' id='word_1_149' title='bbox 1238 2874 1292 2955; x_wconf 83' lang='grc' dir='ltr'><strong><em>μέν</em></strong></span> <span class='ocrx_word' id='word_1_150' title='bbox 1315 2876 1369 2939; x_wconf 90' lang='grc' dir='ltr'><strong><em>νέα</em></strong></span> <span class='ocrx_word' id='word_1_151' title='bbox 1391 2876 1523 2938; x_wconf 84' lang='grc' dir='ltr'><strong><em>κατὰτὸ</em></strong></span> <span class='ocrx_word' id='word_1_152' title='bbox 1545 2882 1688 2939; x_wconf 88' lang='grc' dir='ltr'><strong><em>πλεῖστον</em></strong></span> <span class='ocrx_word' id='word_1_153' title='bbox 1713 2873 1788 2949; x_wconf 85' lang='grc' dir='ltr'><strong><em>στρέ·</em></strong></span> 
     </span>
     <span class='ocr_line' id='line_1_19' title="bbox 560 2987 1787 3076; baseline -0.002 -26"><span class='ocrx_word' id='word_1_154' title='bbox 560 3011 647 3066; x_wconf 87' lang='grc' dir='ltr'><strong><em>φειαι</em></strong></span> <span class='ocrx_word' id='word_1_155' title='bbox 677 2987 746 3068; x_wconf 76' lang='grc' dir='ltr'><strong><em>περὶ</em></strong></span> <span class='ocrx_word' id='word_1_156' title='bbox 774 2988 808 3050; x_wconf 91' lang='grc' dir='ltr'><strong><em>τὸ</em></strong></span> <span class='ocrx_word' id='word_1_157' title='bbox 839 2989 992 3069; x_wconf 82' lang='grc' dir='ltr'><strong><em>ἰαμβικὸν,</em></strong></span> <span class='ocrx_word' id='word_1_158' title='bbox 1022 2990 1156 3063; x_wconf 88' lang='grc' dir='ltr'><strong><em>σπανίως</em></strong></span> <span class='ocrx_word' id='word_1_159' title='bbox 1179 2987 1213 3051; x_wconf 79' lang='grc' dir='ltr'><strong><em>δέ</em></strong></span> <span class='ocrx_word' id='word_1_160' title='bbox 1236 2989 1345 3070; x_wconf 89' lang='grc' dir='ltr'><strong><em>μέτρον</em></strong></span> <span class='ocrx_word' id='word_1_161' title='bbox 1367 2989 1478 3071; x_wconf 71' lang='grc' dir='ltr'><strong><em>ἕτερον·</em></strong></span> <span class='ocrx_word' id='word_1_162' title='bbox 1502 2990 1535 3051; x_wconf 89' lang='grc' dir='ltr'><strong><em>έν</em></strong></span> <span class='ocrx_word' id='word_1_163' title='bbox 1559 2988 1592 3051; x_wconf 83' lang='grc' dir='ltr'><strong><em>δὲ</em></strong></span> <span class='ocrx_word' id='word_1_164' title='bbox 1615 3001 1652 3076; x_wconf 90' lang='grc' dir='ltr'><strong><em>τῇ</em></strong></span> <span class='ocrx_word' id='word_1_165' title='bbox 1675 2995 1787 3070; x_wconf 79' lang='grc' dir='ltr'><strong><em>παλαιᾷ</em></strong></span> 
     </span>
     <span class='ocr_line' id='line_1_20' title="bbox 560 3101 1788 3189; baseline -0.003 -25"><span class='ocrx_word' id='word_1_166' title='bbox 560 3103 743 3180; x_wconf 84' lang='grc' dir='ltr'><strong><em>πολομετρία</em></strong></span> <span class='ocrx_word' id='word_1_167' title='bbox 772 3102 805 3164; x_wconf 90' lang='grc' dir='ltr'><strong><em>τὸ</em></strong></span> <span class='ocrx_word' id='word_1_168' title='bbox 838 3103 1099 3182; x_wconf 80' lang='grc' dir='ltr'><strong><em>σπουδαζόμενον.</em></strong></span> <span class='ocrx_word' id='word_1_169' title='bbox 1131 3105 1277 3189; x_wconf 75' lang='grc' dir='ltr'><strong><em>διασκευῇ</em></strong></span> <span class='ocrx_word' id='word_1_170' title='bbox 1300 3103 1342 3181; x_wconf 87' lang='grc' dir='ltr'><strong><em>δέ,</em></strong></span> <span class='ocrx_word' id='word_1_171' title='bbox 1365 3104 1410 3166; x_wconf 84' lang='grc' dir='ltr'><strong><em>ότι</em></strong></span> <span class='ocrx_word' id='word_1_172' title='bbox 1433 3103 1465 3166; x_wconf 85' lang='grc' dir='ltr'><strong><em>έν</em></strong></span> <span class='ocrx_word' id='word_1_173' title='bbox 1485 3101 1541 3183; x_wconf 87' lang='grc' dir='ltr'><strong><em>μέν</em></strong></span> <span class='ocrx_word' id='word_1_174' title='bbox 1562 3115 1598 3189; x_wconf 87' lang='grc' dir='ltr'><strong><em>τῇ</em></strong></span> <span class='ocrx_word' id='word_1_175' title='bbox 1622 3103 1677 3188; x_wconf 80' lang='grc' dir='ltr'><strong><em>νέῳ</em></strong></span> <span class='ocrx_word' id='word_1_176' title='bbox 1701 3110 1788 3183; x_wconf 78' lang='grc' dir='ltr'><strong><em>χοροῦ</em></strong></span> 
     </span>
     <span class='ocr_line' id='line_1_21' title="bbox 561 3215 1788 3302; baseline -0.003 -23"><span class='ocrx_word' id='word_1_177' title='bbox 561 3216 618 3279; x_wconf 82' lang='grc' dir='ltr'><strong><em>οίικ</em></strong></span> <span class='ocrx_word' id='word_1_178' title='bbox 648 3217 718 3296; x_wconf 71' lang='grc' dir='ltr'><strong><em>ἔδει,</em></strong></span> <span class='ocrx_word' id='word_1_179' title='bbox 747 3215 780 3278; x_wconf 89' lang='grc' dir='ltr'><strong><em>έν</em></strong></span> <span class='ocrx_word' id='word_1_180' title='bbox 812 3216 909 3302; x_wconf 81' lang='grc' dir='ltr'><strong><em>έκείνη</em></strong></span> <span class='ocrx_word' id='word_1_181' title='bbox 944 3215 977 3279; x_wconf 84' lang='grc' dir='ltr'><strong><em>δέ</em></strong></span> <span class='ocrx_word' id='word_1_182' title='bbox 1007 3219 1061 3280; x_wconf 85' lang='grc' dir='ltr'><strong><em>δεῖ.</em></strong></span> <span class='ocrx_word' id='word_1_183' title='bbox 1094 3216 1145 3279; x_wconf 83' lang='grc' dir='ltr'><strong><em>καὸ</em></strong></span> <span class='ocrx_word' id='word_1_184' title='bbox 1168 3217 1245 3296; x_wconf 78' lang='grc' dir='ltr'><strong><em>αδτὴ</em></strong></span> <span class='ocrx_word' id='word_1_185' title='bbox 1270 3216 1302 3279; x_wconf 81' lang='grc' dir='ltr'><strong><em>δέ</em></strong></span> <span class='ocrx_word' id='word_1_186' title='bbox 1324 3216 1344 3298; x_wconf 74' lang='grc' dir='ltr'><em>ἡ</em></span> <span class='ocrx_word' id='word_1_187' title='bbox 1368 3217 1483 3279; x_wconf 88' lang='grc' dir='ltr'><strong><em>παλαιά</em></strong></span> <span class='ocrx_word' id='word_1_188' title='bbox 1513 3217 1621 3297; x_wconf 75' lang='grc' dir='ltr'><strong><em>ἑαυτῆς</em></strong></span> <span class='ocrx_word' id='word_1_189' title='bbox 1645 3215 1788 3296; x_wconf 86' lang='grc' dir='ltr'><strong><em>διαφέρει·</em></strong></span> 
     </span>
     <span class='ocr_line' id='line_1_22' title="bbox 560 3330 1788 3417; baseline 0 -25"><span class='ocrx_word' id='word_1_190' title='bbox 560 3330 612 3392; x_wconf 81' lang='grc' dir='ltr'><strong><em>καλ</em></strong></span> <span class='ocrx_word' id='word_1_191' title='bbox 641 3330 698 3412; x_wconf 80' lang='grc' dir='ltr'><strong><em>γάρ</em></strong></span> <span class='ocrx_word' id='word_1_192' title='bbox 722 3332 754 3394; x_wconf 77' lang='grc' dir='ltr'><strong><em>οἱ</em></strong></span> <span class='ocrx_word' id='word_1_193' title='bbox 774 3331 808 3394; x_wconf 88' lang='grc' dir='ltr'><strong><em>έν</em></strong></span> <span class='ocrx_word' id='word_1_194' title='bbox 831 3338 944 3417; x_wconf 87' lang='grc' dir='ltr'><strong><em>Ἀττικῇ</em></strong></span> <span class='ocrx_word' id='word_1_195' title='bbox 966 3343 1087 3413; x_wconf 82' lang='grc' dir='ltr'><strong><em>πρῶτον</em></strong></span> <span class='ocrx_word' id='word_1_196' title='bbox 1110 3333 1331 3411; x_wconf 89' lang='grc' dir='ltr'><strong><em>συστησάμενοι</em></strong></span> <span class='ocrx_word' id='word_1_197' title='bbox 1353 3335 1386 3394; x_wconf 90' lang='grc' dir='ltr'><strong><em>τὸ</em></strong></span> <span class='ocrx_word' id='word_1_198' title='bbox 1406 3331 1590 3411; x_wconf 73' lang='grc' dir='ltr'><strong><em>ἐπιτήδευμα</em></strong></span> <span class='ocrx_word' id='word_1_199' title='bbox 1613 3339 1667 3410; x_wconf 85' lang='grc' dir='ltr'><strong><em>τῇς</em></strong></span> <span class='ocrx_word' id='word_1_200' title='bbox 1689 3352 1788 3412; x_wconf 84' lang='grc' dir='ltr'><strong><em>καμφ-</em></strong></span> 
     </span>
     <span class='ocr_line' id='line_1_23' title="bbox 562 3438 1789 3527; baseline -0.004 -20"><span class='ocrx_word' id='word_1_201' title='bbox 562 3447 629 3521; x_wconf 87' lang='grc' dir='ltr'><strong><em>δίας</em></strong></span> <span class='ocrx_word' id='word_1_202' title='bbox 664 3479 699 3490; x_wconf 90' lang='grc'>-</span> <span class='ocrx_word' id='word_1_203' title='bbox 734 3438 815 3525; x_wconf 76' lang='grc' dir='ltr'><strong><em>ἦσαν</em></strong></span> <span class='ocrx_word' id='word_1_204' title='bbox 845 3443 878 3508; x_wconf 86' lang='grc' dir='ltr'><strong><em>δέ</em></strong></span> <span class='ocrx_word' id='word_1_205' title='bbox 902 3447 934 3508; x_wconf 78' lang='lat' dir='ltr'><strong><em>ot</em></strong></span> <span class='ocrx_word' id='word_1_206' title='bbox 953 3445 1022 3527; x_wconf 73' lang='grc' dir='ltr'><strong><em>περὶ</em></strong></span> <span class='ocrx_word' id='word_1_207' title='bbox 1045 3446 1249 3526; x_wconf 88' lang='grc' dir='ltr'><strong><em>Σονσαρίωνα</em></strong></span> <span class='ocrx_word' id='word_1_208' title='bbox 1264 3442 1287 3518; x_wconf 88' lang='lat'><strong><em>⁵)</em></strong></span> <span class='ocrx_word' id='word_1_209' title='bbox 1303 3481 1342 3492; x_wconf 97' lang='lat'>-</span> <span class='ocrx_word' id='word_1_210' title='bbox 1368 3444 1419 3506; x_wconf 84' lang='grc' dir='ltr'><strong><em>καί</em></strong></span> <span class='ocrx_word' id='word_1_211' title='bbox 1442 3445 1478 3507; x_wconf 89' lang='grc' dir='ltr'><strong><em>τά</em></strong></span> <span class='ocrx_word' id='word_1_212' title='bbox 1501 3446 1649 3526; x_wconf 88' lang='grc' dir='ltr'><strong><em>πρόσωπα</em></strong></span> <span class='ocrx_word' id='word_1_213' title='bbox 1671 3446 1789 3524; x_wconf 80' lang='grc' dir='ltr'><strong><em>εἰσῆγον</em></strong></span> 
     </span>
     <span class='ocr_line' id='line_1_24' title="bbox 562 3552 1785 3641; baseline -0.004 -21"><span class='ocrx_word' id='word_1_214' title='bbox 562 3558 694 3634; x_wconf 83' lang='grc' dir='ltr'><strong><em>ἀτάκτως</em></strong></span> <span class='ocrx_word' id='word_1_215' title='bbox 725 3559 775 3621; x_wconf 82' lang='grc' dir='ltr'><strong><em>καί</em></strong></span> <span class='ocrx_word' id='word_1_216' title='bbox 803 3559 896 3638; x_wconf 91' lang='grc' dir='ltr'><strong><em>μόνος</em></strong></span> <span class='ocrx_word' id='word_1_217' title='bbox 919 3552 958 3639; x_wconf 78' lang='grc' dir='ltr'><strong><em>ἦν</em></strong></span> <span class='ocrx_word' id='word_1_218' title='bbox 978 3558 1070 3641; x_wconf 80' lang='grc' dir='ltr'><strong><em>γέλως</em></strong></span> <span class='ocrx_word' id='word_1_219' title='bbox 1092 3558 1125 3620; x_wconf 92' lang='grc' dir='ltr'><strong><em>τὸ</em></strong></span> <span class='ocrx_word' id='word_1_220' title='bbox 1148 3559 1459 3636; x_wconf 78' lang='grc' dir='ltr'><strong><em>κατασκευαζόμενον.</em></strong></span> <span class='ocrx_word' id='word_1_221' title='bbox 1483 3557 1695 3640; x_wconf 72' lang='grc' dir='ltr'><strong><em>ἐπιγενόμενος</em></strong></span> <span class='ocrx_word' id='word_1_222' title='bbox 1719 3552 1785 3619; x_wconf 82' lang='grc' dir='ltr'><strong><em>δὲὸ</em></strong></span> 
     </span>
     <span class='ocr_line' id='line_1_25' title="bbox 563 3669 1788 3758; baseline -0.006 -24"><span class='ocrx_word' id='word_1_223' title='bbox 563 3678 713 3755; x_wconf 82' lang='grc' dir='ltr'><strong><em>Κρατῖνος</em></strong></span> <span class='ocrx_word' id='word_1_224' title='bbox 743 3672 902 3753; x_wconf 85' lang='grc' dir='ltr'><strong><em>κατέστησε</em></strong></span> <span class='ocrx_word' id='word_1_225' title='bbox 931 3670 987 3753; x_wconf 86' lang='grc' dir='ltr'><strong><em>μέν</em></strong></span> <span class='ocrx_word' id='word_1_226' title='bbox 1017 3682 1137 3753; x_wconf 82' lang='grc' dir='ltr'><strong><em>πρῶτον</em></strong></span> <span class='ocrx_word' id='word_1_227' title='bbox 1169 3671 1205 3732; x_wconf 85' lang='grc' dir='ltr'><strong><em>τά</em></strong></span> <span class='ocrx_word' id='word_1_228' title='bbox 1236 3670 1269 3733; x_wconf 82' lang='grc' dir='ltr'><strong><em>έν</em></strong></span> <span class='ocrx_word' id='word_1_229' title='bbox 1298 3682 1335 3757; x_wconf 90' lang='grc' dir='ltr'><strong><em>τῇ</em></strong></span> <span class='ocrx_word' id='word_1_230' title='bbox 1365 3673 1509 3758; x_wconf 84' lang='grc' dir='ltr'><strong><em>κωμῳδίῳ</em></strong></span> <span class='ocrx_word' id='word_1_231' title='bbox 1539 3674 1688 3752; x_wconf 90' lang='grc' dir='ltr'><strong><em>πρόσωπα</em></strong></span> <span class='ocrx_word' id='word_1_232' title='bbox 1712 3669 1788 3750; x_wconf 87' lang='grc' dir='ltr'><strong><em>μέχρι</em></strong></span> 
     </span>
     <span class='ocr_line' id='line_1_26' title="bbox 562 3783 1787 3871; baseline -0.003 -23"><span class='ocrx_word' id='word_1_233' title='bbox 562 3798 662 3869; x_wconf 86' lang='grc' dir='ltr'><strong><em>τριῶν,</em></strong></span> <span class='ocrx_word' id='word_1_234' title='bbox 692 3788 802 3865; x_wconf 80' lang='grc' dir='ltr'><strong><em>στήσας</em></strong></span> <span class='ocrx_word' id='word_1_235' title='bbox 831 3786 887 3866; x_wconf 77' lang='grc' dir='ltr'><strong><em>τὴν</em></strong></span> <span class='ocrx_word' id='word_1_236' title='bbox 917 3785 1054 3866; x_wconf 84' lang='grc' dir='ltr'><strong><em>ἀταξίαν,</em></strong></span> <span class='ocrx_word' id='word_1_237' title='bbox 1083 3784 1134 3847; x_wconf 82' lang='grc' dir='ltr'><strong><em>καί</em></strong></span> <span class='ocrx_word' id='word_1_238' title='bbox 1156 3797 1195 3870; x_wconf 77' lang='grc' dir='ltr'><strong><em>τῷ</em></strong></span> <span class='ocrx_word' id='word_1_239' title='bbox 1219 3786 1349 3867; x_wconf 88' lang='grc' dir='ltr'><strong><em>χαρίεντι</em></strong></span> <span class='ocrx_word' id='word_1_240' title='bbox 1371 3795 1424 3863; x_wconf 85' lang='grc' dir='ltr'><strong><em>τῇς</em></strong></span> <span class='ocrx_word' id='word_1_241' title='bbox 1447 3787 1607 3871; x_wconf 85' lang='grc' dir='ltr'><strong><em>κωμῳδίας</em></strong></span> <span class='ocrx_word' id='word_1_242' title='bbox 1630 3786 1663 3847; x_wconf 90' lang='grc' dir='ltr'><strong><em>τὸ</em></strong></span> <span class='ocrx_word' id='word_1_243' title='bbox 1687 3783 1787 3863; x_wconf 84' lang='grc' dir='ltr'><strong><em>ὠφέλι-</em></strong></span> 
     </span>
     <span class='ocr_line' id='line_1_27' title="bbox 564 3897 1788 3982; baseline -0.005 -19"><span class='ocrx_word' id='word_1_244' title='bbox 564 3926 622 3982; x_wconf 89' lang='grc' dir='ltr'><strong><em>μον</em></strong></span> <span class='ocrx_word' id='word_1_245' title='bbox 648 3899 822 3982; x_wconf 87' lang='grc' dir='ltr'><strong><em>προσέθηκε</em></strong></span> <span class='ocrx_word' id='word_1_246' title='bbox 852 3902 921 3974; x_wconf 78' lang='grc' dir='ltr'><strong><em>τεὸς</em></strong></span> <span class='ocrx_word' id='word_1_247' title='bbox 944 3910 1044 3975; x_wconf 79' lang='grc' dir='ltr'><strong><em>κακῶς</em></strong></span> <span class='ocrx_word' id='word_1_248' title='bbox 1066 3901 1250 3982; x_wconf 87' lang='grc' dir='ltr'><strong><em>πράττοντας</em></strong></span> <span class='ocrx_word' id='word_1_249' title='bbox 1273 3902 1444 3981; x_wconf 88' lang='grc' dir='ltr'><strong><em>διαβάλλων</em></strong></span> <span class='ocrx_word' id='word_1_250' title='bbox 1467 3899 1519 3961; x_wconf 85' lang='grc' dir='ltr'><strong><em>καλ</em></strong></span> <span class='ocrx_word' id='word_1_251' title='bbox 1542 3900 1640 3978; x_wconf 77' lang='grc' dir='ltr'><strong><em>ὥσπερ</em></strong></span> <span class='ocrx_word' id='word_1_252' title='bbox 1664 3897 1788 3979; x_wconf 76' lang='grc' dir='ltr'><strong><em>δημοσίῳ</em></strong></span> 
     </span>
     <span class='ocr_line' id='line_1_28' title="bbox 564 4011 1787 4101; baseline -0.003 -25"><span class='ocrx_word' id='word_1_253' title='bbox 564 4016 683 4096; x_wconf 83' lang='grc' dir='ltr'><strong><em>μάστιχι</em></strong></span> <span class='ocrx_word' id='word_1_254' title='bbox 710 4025 747 4099; x_wconf 90' lang='grc' dir='ltr'><strong><em>τῇ</em></strong></span> <span class='ocrx_word' id='word_1_255' title='bbox 770 4016 912 4101; x_wconf 75' lang='grc' dir='ltr'><strong><em>κωμῳδίᾳ</em></strong></span> <span class='ocrx_word' id='word_1_256' title='bbox 935 4015 1077 4087; x_wconf 80' lang='grc' dir='ltr'><strong><em>κολάζων.</em></strong></span> <span class='ocrx_word' id='word_1_257' title='bbox 1101 4011 1160 4075; x_wconf 91' lang='grc' dir='ltr'><strong><em>ἀλλ’</em></strong></span> <span class='ocrx_word' id='word_1_258' title='bbox 1188 4014 1230 4076; x_wconf 75' lang='grc' dir='ltr'><strong><em>ἔτι</em></strong></span> <span class='ocrx_word' id='word_1_259' title='bbox 1253 4011 1308 4093; x_wconf 81' lang='grc' dir='ltr'><strong><em>μὲν</em></strong></span> <span class='ocrx_word' id='word_1_260' title='bbox 1330 4013 1382 4075; x_wconf 83' lang='grc' dir='ltr'><strong><em>καί</em></strong></span> <span class='ocrx_word' id='word_1_261' title='bbox 1406 4015 1501 4086; x_wconf 79' lang='grc' dir='ltr'><strong><em>οὕτως</em></strong></span> <span class='ocrx_word' id='word_1_262' title='bbox 1524 4022 1576 4091; x_wconf 86' lang='grc' dir='ltr'><strong><em>τῇς</em></strong></span> <span class='ocrx_word' id='word_1_263' title='bbox 1600 4011 1787 4094; x_wconf 81' lang='grc' dir='ltr'><strong><em>ἀρχαιότητος</em></strong></span> 
     </span>
     <span class='ocr_line' id='line_1_29' title="bbox 565 4126 1788 4210; baseline -0.005 -20"><span class='ocrx_word' id='word_1_264' title='bbox 565 4135 674 4209; x_wconf 87' lang='grc' dir='ltr'><strong><em>μετεῖχε</em></strong></span> <span class='ocrx_word' id='word_1_265' title='bbox 704 4127 755 4190; x_wconf 80' lang='grc' dir='ltr'><strong><em>καλ</em></strong></span> <span class='ocrx_word' id='word_1_266' title='bbox 785 4127 881 4210; x_wconf 83' lang='grc' dir='ltr'><strong><em>ν’χρέμα</em></strong></span> <span class='ocrx_word' id='word_1_267' title='bbox 911 4151 976 4202; x_wconf 86' lang='grc' dir='ltr'><strong><em>πως</em></strong></span> <span class='ocrx_word' id='word_1_268' title='bbox 1007 4138 1059 4208; x_wconf 86' lang='grc' dir='ltr'><strong><em>τῇς</em></strong></span> <span class='ocrx_word' id='word_1_269' title='bbox 1090 4127 1220 4203; x_wconf 90' lang='grc' dir='ltr'><strong><em>ἀταξίας.</em></strong></span> <span class='ocrx_word' id='word_1_270' title='bbox 1244 4127 1260 4190; x_wconf 90' lang='grc' dir='ltr'><strong><em>δ</em></strong></span> <span class='ocrx_word' id='word_1_271' title='bbox 1284 4126 1439 4208; x_wconf 81' lang='grc' dir='ltr'><strong><em>μέντοιγε</em></strong></span> <span class='ocrx_word' id='word_1_272' title='bbox 1463 4127 1679 4207; x_wconf 77' lang='grc' dir='ltr'><strong><em>Ἀριστοφάνης</em></strong></span> <span class='ocrx_word' id='word_1_273' title='bbox 1702 4130 1788 4206; x_wconf 84' lang='grc' dir='ltr'><strong><em>μεθο-</em></strong></span> 
     </span>
     <span class='ocr_line' id='line_1_30' title="bbox 565 4234 1787 4326; baseline -0.007 -22"><span class='ocrx_word' id='word_1_274' title='bbox 565 4246 674 4316; x_wconf 83' lang='grc' dir='ltr'><strong><em>δεύσας</em></strong></span> <span class='ocrx_word' id='word_1_275' title='bbox 708 4244 920 4326; x_wconf 75' lang='grc' dir='ltr'><strong><em>τεχνικώτερον</em></strong></span> <span class='ocrx_word' id='word_1_276' title='bbox 954 4252 1014 4304; x_wconf 83' lang='grc' dir='ltr'><strong><em>τῶν</em></strong></span> <span class='ocrx_word' id='word_1_277' title='bbox 1049 4238 1115 4321; x_wconf 86' lang='grc' dir='ltr'><strong><em>μεθ’</em></strong></span> <span class='ocrx_word' id='word_1_278' title='bbox 1148 4241 1259 4303; x_wconf 80' lang='grc' dir='ltr'><strong><em>ἑαυτοῦ</em></strong></span> <span class='ocrx_word' id='word_1_279' title='bbox 1289 4240 1344 4320; x_wconf 78' lang='grc' dir='ltr'><strong><em>τὴν</em></strong></span> <span class='ocrx_word' id='word_1_280' title='bbox 1374 4241 1536 4326; x_wconf 89' lang='grc' dir='ltr'><strong><em>κωμῳδίαν</em></strong></span> <span class='ocrx_word' id='word_1_281' title='bbox 1566 4238 1740 4319; x_wconf 80' lang='grc' dir='ltr'><strong><em>ἀνέλαμψεν</em></strong></span> <span class='ocrx_word' id='word_1_282' title='bbox 1761 4234 1787 4297; x_wconf 85' lang='grc' dir='ltr'><strong><em>έν</em></strong></span> 
     </span>
    </p>
   </div>
   <div class='ocr_carea' id='block_1_8' title="bbox 563 4449 1786 4916">
    <p class='ocr_par' dir='ltr' id='par_1_8' title="bbox 598 4449 1699 4515">
     <span class='ocr_line' id='line_1_31' title="bbox 598 4449 1699 4515; baseline -0.003 -16"><span class='ocrx_word' id='word_1_283' title='bbox 598 4450 762 4515; x_wconf 74' lang='grc' dir='ltr'><strong><em>1)ᾀδο’μινον]</em></strong></span> <span class='ocrx_word' id='word_1_284' title='bbox 781 4454 904 4511; x_wconf 76' lang='grc' dir='ltr'><strong><em>διδόμενον</em></strong></span> <span class='ocrx_word' id='word_1_285' title='bbox 921 4454 949 4500; x_wconf 88' lang='lat' dir='ltr'><strong><em>V.</em></strong></span> <span class='ocrx_word' id='word_1_286' title='bbox 969 4453 1007 4500; x_wconf 79' lang='lat' dir='ltr'><strong><em>cf.</em></strong></span> <span class='ocrx_word' id='word_1_287' title='bbox 1026 4455 1130 4499; x_wconf 77' lang='grc' dir='ltr'><strong><em>λεεολολ.</em></strong></span> <span class='ocrx_word' id='word_1_288' title='bbox 1148 4451 1180 4499; x_wconf 85' lang='lat' dir='ltr'><strong><em>de</em></strong></span> <span class='ocrx_word' id='word_1_289' title='bbox 1198 4452 1273 4510; x_wconf 77' lang='lat' dir='ltr'><strong>poesi</strong></span> <span class='ocrx_word' id='word_1_290' title='bbox 1290 4452 1393 4497; x_wconf 73' lang='lat' dir='ltr'><strong>scenica</strong></span> <span class='ocrx_word' id='word_1_291' title='bbox 1410 4452 1425 4512; x_wconf 70' lang='grc' dir='ltr'><strong><em>ξ</em></strong></span> <span class='ocrx_word' id='word_1_292' title='bbox 1443 4452 1458 4499; x_wconf 85' lang='grc'>9</span> <span class='ocrx_word' id='word_1_293' title='bbox 1475 4450 1544 4496; x_wconf 73' lang='lat' dir='ltr'><strong>infra</strong></span> <span class='ocrx_word' id='word_1_294' title='bbox 1561 4461 1621 4509; x_wconf 74' lang='lat' dir='ltr'>pag.</span> <span class='ocrx_word' id='word_1_295' title='bbox 1642 4449 1699 4496; x_wconf 81' lang='lat'>194.</span> 
     </span>
    </p>

    <p class='ocr_par' dir='ltr' id='par_1_9' title="bbox 597 4531 974 4594">
     <span class='ocr_line' id='line_1_32' title="bbox 597 4531 974 4594; baseline -0.005 -13"><span class='ocrx_word' id='word_1_296' title='bbox 597 4531 618 4594; x_wconf 57' lang='grc' dir='ltr'><strong><em>ἵ)</em></strong></span> <span class='ocrx_word' id='word_1_297' title='bbox 635 4533 751 4590; x_wconf 87' lang='lat' dir='ltr'>Diodori,</span> <span class='ocrx_word' id='word_1_298' title='bbox 767 4534 871 4581; x_wconf 79' lang='lat' dir='ltr'><strong>Anthol.</strong></span> <span class='ocrx_word' id='word_1_299' title='bbox 888 4531 974 4580; x_wconf 78' lang='grc' dir='ltr'><strong><em>Ριλελ.</em></strong></span> 
     </span>
    </p>

    <p class='ocr_par' dir='ltr' id='par_1_10' title="bbox 596 4609 1786 4674">
     <span class='ocr_line' id='line_1_33' title="bbox 596 4609 1786 4674; baseline -0.008 -11"><span class='ocrx_word' id='word_1_300' title='bbox 596 4611 618 4674; x_wconf 83' lang='lat'><strong><em>³)</em></strong></span> <span class='ocrx_word' id='word_1_301' title='bbox 636 4614 733 4662; x_wconf 68' lang='lat' dir='ltr'><strong>Eadem</strong></span> <span class='ocrx_word' id='word_1_302' title='bbox 748 4614 828 4662; x_wconf 73' lang='lat' dir='ltr'><strong>habet</strong></span> <span class='ocrx_word' id='word_1_303' title='bbox 841 4614 953 4673; x_wconf 77' lang='lat' dir='ltr'><strong>amplior</strong></span> <span class='ocrx_word' id='word_1_304' title='bbox 967 4613 1000 4659; x_wconf 81' lang='lat' dir='ltr'><strong><em>de</em></strong></span> <span class='ocrx_word' id='word_1_305' title='bbox 1015 4611 1156 4659; x_wconf 74' lang='lat' dir='ltr'><strong>comoedia</strong></span> <span class='ocrx_word' id='word_1_306' title='bbox 1172 4611 1377 4658; x_wconf 77' lang='lat' dir='ltr'><strong>commentarius</strong></span> <span class='ocrx_word' id='word_1_307' title='bbox 1392 4611 1406 4670; x_wconf 71' lang='lat'>5</span> <span class='ocrx_word' id='word_1_308' title='bbox 1425 4611 1524 4657; x_wconf 74' lang='lat'>14-16</span> <span class='ocrx_word' id='word_1_309' title='bbox 1540 4609 1609 4654; x_wconf 79' lang='lat' dir='ltr'><strong>infra</strong></span> <span class='ocrx_word' id='word_1_310' title='bbox 1623 4621 1684 4667; x_wconf 74' lang='lat' dir='ltr'>pag.</span> <span class='ocrx_word' id='word_1_311' title='bbox 1699 4609 1745 4654; x_wconf 78' lang='lat'><strong><em>196</em></strong></span> <span class='ocrx_word' id='word_1_312' title='bbox 1753 4617 1786 4660; x_wconf 74' lang='lat' dir='ltr'><strong><em>sq.</em></strong></span> 
     </span>
    </p>

    <p class='ocr_par' dir='ltr' id='par_1_11' title="bbox 563 4683 1785 4832">
     <span class='ocr_line' id='line_1_34' title="bbox 596 4683 1785 4754; baseline -0.012 -13"><span class='ocrx_word' id='word_1_313' title='bbox 596 4692 618 4753; x_wconf 88' lang='lat'><strong><em>⁴)</em></strong></span> <span class='ocrx_word' id='word_1_314' title='bbox 634 4695 767 4741; x_wconf 71' lang='lat' dir='ltr'><strong>Laounam</strong></span> <span class='ocrx_word' id='word_1_315' title='bbox 785 4695 901 4754; x_wconf 81' lang='lat' dir='ltr'>explevit</span> <span class='ocrx_word' id='word_1_316' title='bbox 917 4692 1046 4749; x_wconf 72' lang='lat' dir='ltr'><strong>Mainake,</strong></span> <span class='ocrx_word' id='word_1_317' title='bbox 1064 4691 1110 4738; x_wconf 82' lang='lat' dir='ltr'><strong><em>sed</em></strong></span> <span class='ocrx_word' id='word_1_318' title='bbox 1129 4695 1171 4739; x_wconf 75' lang='grc' dir='ltr'><strong><em>οὐκ</em></strong></span> <span class='ocrx_word' id='word_1_319' title='bbox 1189 4693 1249 4751; x_wconf 74' lang='lat' dir='ltr'><strong>post</strong></span> <span class='ocrx_word' id='word_1_320' title='bbox 1266 4691 1306 4736; x_wconf 77' lang='grc' dir='ltr'><strong><em>νέα</em></strong></span> <span class='ocrx_word' id='word_1_321' title='bbox 1322 4688 1463 4746; x_wconf 73' lang='lat' dir='ltr'><strong>scribebat,</strong></span> <span class='ocrx_word' id='word_1_322' title='bbox 1479 4689 1540 4748; x_wconf 78' lang='lat' dir='ltr'><strong>post</strong></span> <span class='ocrx_word' id='word_1_323' title='bbox 1557 4687 1650 4734; x_wconf 78' lang='grc' dir='ltr'><strong><em>παλαιά</em></strong></span> <span class='ocrx_word' id='word_1_324' title='bbox 1667 4698 1720 4732; x_wconf 89' lang='lat' dir='ltr'><strong><em>non</em></strong></span> <span class='ocrx_word' id='word_1_325' title='bbox 1732 4683 1785 4730; x_wconf 71' lang='lat' dir='ltr'><strong>scri·</strong></span> 
     </span>
     <span class='ocr_line' id='line_1_35' title="bbox 563 4772 975 4832; baseline -0.007 -11"><span class='ocrx_word' id='word_1_326' title='bbox 563 4773 650 4821; x_wconf 68' lang='lat' dir='ltr'><strong>bebnt.</strong></span> <span class='ocrx_word' id='word_1_327' title='bbox 668 4772 708 4820; x_wconf 85' lang='lat' dir='ltr'><strong><em>Of.</em></strong></span> <span class='ocrx_word' id='word_1_328' title='bbox 725 4785 785 4832; x_wconf 73' lang='lat' dir='ltr'><strong>pag.</strong></span> <span class='ocrx_word' id='word_1_329' title='bbox 804 4774 852 4820; x_wconf 82' lang='lat'><strong><em>188</em></strong></span> <span class='ocrx_word' id='word_1_330' title='bbox 871 4775 933 4819; x_wconf 72' lang='lat' dir='ltr'><strong>nota</strong></span> <span class='ocrx_word' id='word_1_331' title='bbox 950 4774 975 4818; x_wconf 75' lang='lat'><strong><em>³.</em></strong></span> 
     </span>
    </p>

    <p class='ocr_par' dir='ltr' id='par_1_12' title="bbox 596 4851 1015 4916">
     <span class='ocr_line' id='line_1_36' title="bbox 596 4851 1015 4916; baseline -0.01 -15"><span class='ocrx_word' id='word_1_332' title='bbox 596 4851 616 4911; x_wconf 66' lang='grc' dir='ltr'><strong><em>’χ</em></strong></span> <span class='ocrx_word' id='word_1_333' title='bbox 633 4852 798 4916; x_wconf 83' lang='grc' dir='ltr'><strong><em>Σοσσάριοιτα]</em></strong></span> <span class='ocrx_word' id='word_1_334' title='bbox 815 4856 967 4916; x_wconf 82' lang='grc' dir='ltr'><strong><em>Σονννρίωνα</em></strong></span> <span class='ocrx_word' id='word_1_335' title='bbox 985 4851 1015 4898; x_wconf 81' lang='lat' dir='ltr'><strong><em>V.</em></strong></span> 
     </span>
    </p>
   </div>
   <div class='ocr_carea' id='block_1_9' title="bbox 0 0 2057 5950">
    <p class='ocr_par' dir='ltr' id='par_1_13' title="bbox 0 0 2057 5950">
     <span class='ocr_line' id='line_1_37' title="bbox 0 0 2057 5950; baseline 0 0"><span class='ocrx_word' id='word_1_336' title='bbox 0 0 2057 5950; x_wconf 95' lang='lat' dir='ltr'><strong><em> </em></strong></span> 
     </span>
    </p>
   </div>
  </div>
 </body>
</html>
