4067 5950
1000 770 1044 815 DE
1066 770 1175 817 HXTU
1199 770 1351 817 TRADITO.

871 938 930 1001 κάκ
953 943 1095 1002 Βοιωτῶν
1118 964 1150 1023 γι
1174 939 1322 1022 φέροντας
1346 941 1423 1005 ἰδεῖν

872 1061 966 1134 χῆνας
990 1052 1047 1115 κτέ.

558 1167 622 1229 Ubi
652 1167 864 1231 scribendum
894 1184 969 1230 osse
999 1170 1033 1230 id
1056 1170 1143 1245 quod
1165 1170 1315 1233 restituit
1336 1171 1507 1235 Hamalrer
1530 1168 1545 1231 ἒ
1552 1194 1571 1232 κ
1595 1171 1762 1251 Μεγάραν

557 1284 702 1344 τονιαῖον
731 1283 818 1358 quod
848 1283 1037 1358 oppositum
1062 1286 1116 1345 est
1146 1282 1197 1343 nal
1226 1281 1259 1345 ἐκ
1287 1287 1428 1347 Βοιατῶν
1451 1308 1492 1365 με.
1517 1286 1559 1347 lit
1580 1286 1661 1363 legit
1681 1287 1762 1361 lisga

558 1411 672 1457 rorum
695 1410 817 1458 nornen
840 1397 914 1472 ipse
937 1396 1132 1459 scholiasta.

648 1510 840 1573 Εοα1.979.

1362 1626 1446 1703 rim

758 1735 796 1798 οὗ
818 1736 872 1799 τὸν
894 1734 934 1798 σὲ
955 1732 1154 1817 βινοῦνθ’,
1176 1734 1213 1799 ὃν
1236 1738 1274 1799 σὺ
1297 1740 1471 1824 προσδοκᾷς
1493 1740 1576 1813 ἴσως.

558 1851 743 1915 contextus
772 1854 806 1914 st
834 1854 896 1915 hoc
926 1854 998 1916 loco
1028 1856 1138 1931 poscit
1166 1870 1281 1916 κοπιιι
1299 1856 1489 1932 proprium:
1513 1855 1653 1931 Bentley
1673 1853 1706 1915 od
1725 1852 1769 1913 τὸν

558 1968 735 2046 Σεβῖνον
759 1967 833 2029 οο11.
857 1968 930 2030 loco
954 1969 1122 2031 consimili
1144 1969 1229 2032 Ran.
1254 1970 1331 2033 427.

647 2081 745 2160 Vesp.
770 2082 847 2143 217.

825 2194 865 2275 νὴ
888 2194 942 2257 τὸν
965 2192 1017 2257 Δί’
1045 2192 1103 2275 ὀψέ
1126 2195 1197 2278 μὰρ
1220 2196 1404 2277 ἀνεστήκασι
1428 2206 1495 2258 νῦν.

557 2312 634 2386 Lsg.
665 2305 724 2388 ser
752 2304 828 2390 τᾶρ’
862 2311 1038 2387 (Lenting).
1070 2312 1202 2374 Passim
1225 2315 1260 2374 et
1282 2312 1361 2374 alibi
1391 2310 1447 2392 γάρ
1471 2314 1524 2372 est
1546 2312 1704 2387 scriptum
1724 2324 1772 2384 pro

557 2420 617 2505 τᾶρ’
654 2431 712 2499 (τοι
746 2422 826 2505 ἄρα).
862 2426 934 2489 Ηοο
966 2426 1038 2489 loco
1062 2441 1120 2502 per
1153 2427 1418 2503 paradiortliosin
1447 2426 1482 2487 in
1513 2433 1591 2505 γοῦν
1621 2428 1772 2486 mutatum

558 2539 682 2601 habent
705 2541 836 2603 codices
860 2542 1043 2616 aequiores.

646 2654 746 2731 Vesp.
770 2655 846 2716 ool.

715 2768 862 2828 ἰάσασθαι
886 2768 981 2829 νόσον
1004 2765 1134 2847 ἀρχαίαν
1158 2765 1191 2828 έν
1213 2777 1249 2852 τῇ
1272 2767 1357 2828 πόλει
1379 2765 1650 2828 έντειοκοῖαν.

556 2884 634 2959 Leg.
660 2880 937 2959 ἐντετοκυῖαν,
960 2887 1046 2957 quae
1070 2884 1123 2943 est
1145 2882 1278 2958 egregia
1300 2881 1427 2944 Rerskii
1450 2881 1649 2943 emendatio.

646 2997 722 3060 Pac.
750 2999 846 3060 1134.

826 3108 931 3183 έκκέας
952 3119 1014 3171 τῶν
1038 3110 1137 3184 ξύλων
1161 3105 1224 3170 ἅττ’
1250 3105 1289 3170 λιν
1312 3103 1332 3195 ᾖ

825 3223 977 3286 δανότατα
1000 3234 1055 3286 τοῦ
1078 3222 1193 3305 θέροας
1217 3222 1528 3303 ἐκπεπρισμένα.

520 3349 523 3355 ’
601 3338 655 3400 Sic
678 3337 707 3398 V
728 3341 763 3399 et
785 3339 814 3400 R
837 3339 1045 3402 claudicante
1068 3343 1194 3414 metro;
1218 3340 1271 3401 cui
1295 3340 1378 3402 vitio
1402 3343 1439 3401 ut
1462 3338 1651 3401 mederetur
1668 3335 1778 3397 sciolus

557 3453 690 3529 aliquis,
725 3453 902 3515 substituit
936 3454 1075 3515 verbum
1109 3468 1246 3530 prorsus
1276 3453 1456 3515 absurdum
1491 3454 1576 3528 quod
1608 3450 1777 3528 legiturin

555 3565 780 3642 sequioribus:
811 3564 1113 3644 ἐκπικιεσμένα.
1141 3567 1322 3641 Aliquanto
1345 3567 1499 3642 sagacius
1522 3567 1630 3629 Bothe
1654 3599 1693 3609 —
1715 3558 1777 3640 κρά·

555 3696 653 3752 τιστος
683 3676 727 3740 ὢν
750 3678 841 3752 αὐτὸς
864 3677 974 3741 ἑαυτοῦ
997 3678 1049 3740 κα1
1071 3683 1193 3757 πλῆθος
1216 3675 1370 3759 ἁμαρτιῶν
1393 3681 1556 3741 καλύπτων
1582 3713 1622 3724 -
1646 3673 1777 3739 restituit

556 3812 692 3859 verum:
724 3790 1219 3873 έκπιπρ<ιμν>ισμένων
1250 3794 1304 3855 vel
1327 3795 1440 3869 potius
1463 3815 1533 3853 -να,

647 3911 711 3971 Ar.
735 3911 813 3971 465.

624 4022 666 4100 μὰ
691 4018 742 4082 Δί’
769 4020 844 4082 ἀλλὰ
867 4019 963 4102 λέγειν
988 4022 1064 4099 ζητῶ
1088 4023 1124 4082 τί
1144 4021 1266 4081 πάλαι
1289 4017 1364 4101 μέγα
1388 4019 1438 4081 καλ
1462 4021 1590 4098 λαρινὸν
1614 4023 1684 4097 ἔπος
1706 4047 1739 4084 τι.

557 4137 620 4198 Pro
650 4138 679 4196 τι
708 4136 964 4198 scribendumne
989 4158 1017 4194 τι
1040 4139 1075 4197 et
1096 4135 1272 4197 terendum
1296 4134 1453 4196 iteratum
1476 4138 1526 4196 u?
1549 4137 1659 4200 Immo
1681 4139 1776 4213 legen·

557 4252 637 4311 dum
661 4252 713 4311 est
735 4249 937 4329 τρίπαλαι,
962 4251 1047 4325 quod
1071 4250 1206 4326 scripsit
1227 4247 1328 4311 Oobst
1349 4249 1423 4311 coll.
1443 4250 1500 4325 Eq.
1528 4252 1625 4314 1153.

647 4364 726 4438 Lys.
751 4365 805 4425 43.

961 4471 1116 4555 καθήμεθ’
1150 4474 1449 4556 ἐξηνθισμέναι

780 4588 960 4670 κροκωτὰ
990 4599 1194 4670 φοροῦσαι
1225 4588 1277 4651 καλ
1300 4589 1591 4668 κεκαλλωπισμέναι.

559 4707 611 4768 Sic
636 4707 675 4771 R.
700 4707 823 4767 Levius
855 4706 973 4767 vitium
998 4722 1016 4766 e
1040 4708 1069 4764 Γ
1088 4709 1140 4767 est
1163 4708 1367 4768 correctum:
1391 4714 1775 4784 connumerandum,

558 4819 693 4894 gravius
716 4820 862 4881 correxit
884 4819 1034 4896 Bentley,
1059 4835 1077 4880 e
1100 4818 1284 4881 Clementis
1302 4819 1391 4880 enirn
1411 4819 1631 4881 Alexandrini
1650 4818 1774 4895 quodam
