4067 5950
536 744 580 803 94
1056 758 1098 802 nu
1121 757 1246 802 Porrus

539 929 631 1006 ,dias
652 928 898 1004 componendas
920 931 954 991 et
971 929 1106 990 ioadera
1117 928 1346 990 concinnanda
1357 930 1455 990 natae
1467 943 1585 991 sumus
1597 929 1771 992 mulieres.

540 1043 734 1119 ,Advortite
756 1044 855 1105 modo
877 1042 1009 1118 glomus
1032 1042 1262 1118 perturbatum
1286 1042 1528 1105 diducentibus.
1550 1042 1640 1104 Nihil
1663 1043 1709 1104 ibi
1735 1043 1772 1101 vi

539 1160 619 1232 ‚aut
647 1160 775 1218 temere
805 1157 932 1232 spitum
967 1155 1216 1219 convellimus
1245 1171 1353 1230 neque
1386 1157 1570 1234 caedimus,
1605 1157 1664 1218 sed
1698 1155 1771 1216 leni

539 1285 663 1345 ,manu
680 1269 738 1331 ffla
752 1273 848 1333 caute
870 1271 1112 1346 comprehensa
1135 1270 1373 1344 distrahimus;
1397 1271 1497 1332 modo
1519 1270 1658 1344 laqueus
1677 1268 1771 1344 paul·

541 1385 668 1461 ‚lulnm
690 1386 859 1463 dilatatur,
883 1386 981 1447 modo
1000 1401 1058 1461 per
1078 1386 1200 1446 nodum
1214 1385 1367 1446 laxatum
1380 1385 1512 1446 ducitur
1522 1383 1616 1446 filum
1632 1386 1772 1445 iterum·

540 1514 625 1574 ‚que
637 1501 778 1561 'ducitur
800 1498 909 1577 iilum,
934 1514 1079 1574 moxque
1099 1499 1184 1560 bene
1203 1499 1352 1559 ordinata
1371 1501 1451 1560 sunt
1470 1500 1583 1560 omnia
1601 1498 1693 1560 nullo
1712 1496 1772 1558 iilo

540 1616 669 1690 ,rupto
698 1613 741 1675 Et
769 1615 882 1675 lanam
913 1613 1078 1688 quomodo
1106 1612 1271 1674 iaciamus
1293 1627 1402 1674 nonne
1425 1613 1557 1674 nostis?
1580 1612 1695 1674 Velius
1718 1613 1770 1672 in-

540 1727 679 1804 ‚iorme,
704 1727 857 1788 sordibus
880 1727 1067 1802 oppletum,
1091 1725 1132 1785 ab
1156 1726 1230 1786 ovis
1254 1741 1388 1802 corpore
1412 1741 1529 1787 recens
1552 1741 1628 1787 cum
1643 1725 1770 1801 accepi·

541 1855 651 1922 ‚mus‚
681 1855 767 1915 aqua
797 1839 969 1915 diluimus,
1000 1838 1139 1900 tribolos
1162 1840 1197 1900 et
1226 1838 1342 1914 lappas
1371 1839 1540 1913 patienter
1570 1838 1769 1914 evellimus,

540 1953 675 2029 ,flagris
700 1955 834 2014 strenue
863 1953 1065 2014 discutimus
1090 1952 1244 2027 quicquid
1269 1952 1412 2028 pilorum
1435 1952 1629 2028 perplexum
1654 1952 1769 2013 cohae-

541 2068 625 2144 ,ret,
650 2067 752 2129 donec
775 2066 890 2128 mollia
912 2066 1028 2128 tenuis
1051 2066 1189 2127 candida
1211 2066 1403 2127 factasunt
1425 2066 1548 2128 omnia.
1574 2065 1658 2128 Dein
1680 2066 1770 2127 levia

540 2178 616 2255 ,fila
644 2178 815 2257 fingimus,
844 2180 978 2240 tandem
1002 2181 1134 2240 vestem
1157 2178 1241 2239 bene
1264 2178 1404 2240 calidam
1427 2179 1502 2240 iude
1525 2179 1673 2240 teximus
1696 2194 1768 2238 ma·

541 2294 645 2369 ,ritis
676 2294 788 2368 ipsine
809 2293 932 2354 melius
955 2274 1093 2354 calletis
1109 2291 1307 2369 lanificium,
1333 2308 1351 2353 o
1374 2293 1476 2354 boni?
1499 2293 1613 2368 Aequa
1635 2294 1769 2353 utinam

541 2410 632 2482 „arie
655 2407 822 2481 similique
845 2406 983 2468 consilio
1005 2407 1184 2467 uteremini
1211 2407 1244 2467 in
1268 2407 1440 2467 nectendis
1463 2407 1611 2468 consiliis
1635 2409 1669 2466 et
1692 2421 1768 2467 con·

541 2520 743 2597 „dicionibus
767 2520 1018 2596 componendis!
1045 2519 1127 2596 Quin
1154 2519 1281 2580 incolas
1304 2519 1509 2581 coloniarum
1533 2521 1566 2580 et
1588 2521 1768 2580 civitatum

541 2635 801 2711 ,foederatarum
832 2637 867 2695 et
895 2633 1076 2707 inquilinos
1106 2649 1183 2695 cum
1212 2634 1311 2694 huius
1338 2633 1430 2693 urbis
1453 2633 1581 2694 civibus
1604 2634 1638 2693 in
1661 2649 1766 2693 uuum

541 2748 609 2823 ,rei
642 2746 792 2822 publicae
824 2761 957 2823 corpus,
989 2748 1027 2806 ut
1048 2746 1145 2807 lanae
1167 2746 1287 2807 iloccos
1309 2747 1343 2806 in
1366 2761 1543 2807 commune
1566 2747 1769 2822 canistrum,

542 2864 712 2937 ,receptos
741 2861 910 2922 artissime
942 2861 1158 2936 coniungitis,
1189 2860 1275 2920 unde
1310 2857 1368 2920 ilat
1398 2858 1532 2920 firmum
1562 2861 1771 2933 densumque

540 2976 672 3051 ,populi
695 2978 942 3051 tegumentum,
967 2972 1188 3050 procellarum
1214 2975 1287 3034 sive
1309 2972 1504 3036 bellicarum
1524 2976 1595 3036 sive
1616 2975 1769 3036 civilium

541 3089 794 3165 ,intemperiem
816 3088 1052 3150 defensurum’
1068 3133 1075 3149 .
1090 3132 1097 3148 .
1113 3132 1120 3148 .

582 3316 720 3377 Utinam
761 3330 842 3377 sane
882 3330 998 3376 aurem
1033 3315 1266 3390 praebuissent
1299 3314 1523 3376 Athenienses
1552 3314 1771 3378 Pacificatrici

539 3430 715 3505 prudenter
737 3430 786 3490 sie
809 3431 841 3489 et
865 3428 1026 3490 benevole
1049 3428 1216 3489 monenti!

586 3541 792 3618 Quamquam
814 3543 849 3602 in
871 3541 996 3617 pulpito
1022 3541 1148 3602 comico
1171 3541 1311 3602 indicari
1334 3544 1466 3603 tantum
1486 3544 1666 3617 potuerunt
1684 3543 1772 3603 eius·

540 3656 630 3716 modi
653 3657 692 3717 de
715 3656 815 3717 rebus
833 3655 975 3731 publicis
995 3654 1148 3731 consilia,
1168 3668 1235 3714 non
1254 3654 1328 3715 inse
1346 3654 1487 3716 clarisve
1507 3655 1616 3716 verbis
1629 3657 1768 3731 exponi3

422 3757 425 3765 ’
541 3771 574 3829 et
596 3769 649 3830 vel
672 3770 720 3831 sic
740 3770 871 3831 cautius
890 3771 963 3830 erat
982 3768 1148 3843 egendum
1167 3782 1225 3843 per
1244 3768 1362 3829 horum
1380 3770 1570 3844 temporum
1582 3771 1767 3844 angustiae.

540 3884 654 3957 Itaque
697 3883 785 3942 seria
826 3897 910 3956 quae
952 3882 1100 3957 prolerre
1134 3881 1251 3941 habuit
1285 3882 1396 3957 poeta,
1433 3881 1576 3943 effrenae
1609 3882 1770 3945 lasciviae

540 3994 691 4055 ludibriis
715 3995 914 4070 immiscuit,
942 4028 982 4038 -
1007 4009 1075 4055 non
1106 4009 1186 4055 sane
1214 3994 1344 4070 placida
1366 3998 1481 4056 mente
1502 3999 1536 4056 et
1557 3996 1665 4057 veluti
1686 3998 1768 4059 invi·

539 4111 596 4169 tus
619 4108 776 4184 gravibus
799 4108 910 4169 verbis
928 4108 1042 4169 lucum
1062 4109 1211 4171 iocorum
1232 4108 1421 4170 scurrilium
1443 4109 1638 4186 obtendens,
1656 4126 1769 4185 quem-

541 4222 719 4282 admodum
762 4219 1039 4296 pharmacopolae
1080 4220 1203 4295 pilulas
1244 4236 1376 4291 amaras
1416 4221 1552 4297 pulvere
1592 4221 1770 4295 liquiritiae

540 4334 729 4409 involvunt,
755 4334 814 4394 sed
836 4349 924 4394 nunc
954 4348 1083 4409 quoque
1107 4336 1199 4394 totus
1223 4334 1461 4411 aliquantisper
1484 4336 1602 4395 vivens
1625 4336 1659 4395 in
1682 4336 1770 4398 laeto

540 4463 651 4508 rerum
685 4445 838 4507 fictarum
871 4445 966 4521 orbe,
1003 4446 1168 4507 malorum
1199 4447 1348 4508 civilium
1382 4447 1520 4525 oblitus,
1545 4448 1631 4522 quod
1654 4453 1769 4511 mente

540 4562 687 4636 concepit
715 4575 851 4636 germen
883 4575 998 4620 amore
1029 4560 1149 4621 ioveus
1172 4562 1362 4623 tenerrimo.
1387 4563 1469 4624 Mira
1491 4565 1604 4624 autem
1627 4564 1769 4624 admira·

539 4675 629 4735 tione
648 4674 702 4734 hic
720 4688 839 4735 musac
857 4674 989 4734 iocosae
1004 4673 1095 4733 ictus
1115 4675 1148 4733 et
1167 4672 1264 4735 hodie
1283 4675 1434 4751 legentes
1451 4676 1595 4750 detinet;
1619 4676 1771 4738 sentiunt

541 4788 627 4849 enim
660 4789 777 4861 poetae
801 4786 933 4846 candidi
963 4787 1026 4846 hoc
1050 4801 1123 4847 esee
1147 4802 1229 4861 opus
1252 4794 1286 4848 et
1310 4788 1439 4848 civitati
1463 4789 1587 4863 optime
1610 4788 1767 4867 volentis,
