4067 5950
687 768 767 814 1111
789 770 829 814 11
852 769 1021 816 ornamus.
1410 754 1474 814 133

227 943 417 1003 teritarum
450 941 633 1004 delectatur
663 943 837 1005 memoria.
869 942 981 1005 'l'ellus
1012 942 1114 1005 habet
1136 955 1219 1016 quae
1242 941 1430 1003 reverentia
1453 941 1483 1002 ei

229 1053 344 1130 digna
366 1056 448 1115 sunt
474 1055 557 1117 visa.

277 1281 454 1357 Dionysus
477 1283 666 1345 reverentia
691 1284 812 1359 dignus
836 1284 866 1345 ei
885 1299 950 1346 non
970 1283 1115 1346 videtur.
1136 1283 1240 1359 Quem
1262 1282 1344 1344 iocis
1363 1280 1482 1358 petivit

229 1396 523 1472 petulantissimis
546 1398 579 1459 et
601 1397 756 1473 quicquid
778 1398 812 1459 in
833 1397 961 1459 Avibus
980 1398 1092 1460 rabula
1111 1399 1151 1460 de
1171 1396 1335 1473 Olympiis
1353 1396 1479 1456 dictum

229 1511 287 1570 est
320 1510 461 1572 audacia
493 1511 593 1586 longe
624 1510 869 1585 superantibus.
900 1511 984 1572 Nam
1016 1511 1126 1586 magis
1157 1511 1299 1587 ignavus
1330 1508 1481 1583 magisve

229 1624 419 1702 gloriosus,
443 1625 553 1700 magis
576 1623 747 1700 improbus
770 1625 866 1688 suive
890 1625 1059 1687 amantior
1082 1640 1156 1687 esse
1180 1640 1247 1687 uon
1266 1624 1375 1702 potuit
1394 1621 1479 1695 quis·

231 1754 343 1813 quam
384 1739 473 1800 inter
509 1738 696 1814 „Euripidis
730 1739 974 1802 admiratores”
1009 1755 1109 1815 quam
1144 1739 1306 1800 ridiculus
1340 1737 1394 1798 hic
1429 1737 1482 1796 est

232 1853 341 1924 deus;
377 1853 433 1927 qui
468 1867 545 1914 cum
580 1868 600 1912 a
633 1852 786 1914 Plutonis
821 1853 965 1914 ianitore
999 1853 1113 1928 flagris
1148 1853 1306 1928 caeditur,
1341 1850 1480 1912 minime

234 1965 456 2040 indignantur
491 1967 697 2042 spectatores
732 1965 851 2028 callido
881 1967 1038 2042 mancipii
1070 1963 1212 2028 artificio
1248 1964 1477 2040 vapulantem,

234 2079 295 2140 sed
329 2079 589 2140 meritissimum
619 2079 720 2155 plecti
749 2080 911 2157 gaudent,
936 2081 1005 2141 risu
1029 2094 1132 2155 paene
1156 2079 1366 2141 emorientss.
1389 2077 1478 2138 Deus

235 2195 355 2254 autem
387 2191 446 2253 vix
476 2195 543 2267 est;
575 2208 656 2254 nam
690 2193 751 2268 ,ad
783 2193 862 2254 deos
892 2193 985 2255 dolor
1016 2208 1082 2255 non
1107 2194 1286 2276 pertinet’'‚
1311 2193 1376 2254 1110
1399 2207 1478 2253 1010

235 2306 410 2381 Dionysus
442 2305 522 2367 dum
553 2305 670 2368 baculo
701 2305 789 2368 male
821 2305 999 2383 mulcatur,
1025 2307 1084 2368 vix
1112 2307 1293 2383 compescit
1316 2307 1479 2368 clamores

237 2418 392 2482 dolorem
415 2420 612 2482 indicantes.
635 2419 803 2496 Euripidis
827 2420 953 2482 scilicet
977 2420 1139 2498 placitum
1170 2421 1268 2482 illud:

424 2534 479 2611 ,Si
501 2534 579 2608 quid
603 2533 740 2595 scelesti
764 2534 828 2595 diis
850 2534 973 2610 placet,
998 2548 1063 2595 non
1088 2536 1167 2595 sunt
1190 2534 1264 2596 dei”

239 2650 273 2707 in
298 2648 492 2709 comoediae
514 2647 693 2709 dictionem
717 2648 766 2708 sic
789 2662 989 2710 conversum
1012 2651 1127 2710 movet
1150 2649 1421 2724 admirationem,
1446 2650 1480 2708 et

241 2762 409 2823 comicum
440 2762 573 2836 poetam
604 2777 625 2823 a
654 2760 793 2836 tragico,
827 2777 925 2837 quem
957 2760 1035 2824 boni
1058 2762 1142 2823 nihil
1166 2762 1288 2824 habere
1311 2761 1477 2838 perhibet,

240 2877 379 2951 propius
414 2875 538 2936 distare
573 2889 661 2936 nnuc
695 2890 824 2950 quoque
860 2878 1007 2952 apparet.
1043 2877 1128 2937 Nam
1164 2891 1207 2938 ex
1242 2874 1480 2950 Aristophanis

241 2994 358 3051 mente
390 2991 455 3051 nisi
485 2992 646 3053 radicitus
670 2991 787 3053 evulsa
810 2993 901 3053 00001
924 2992 1060 3053 deorum
1085 2992 1288 3068 reverentia,
1314 3005 1377 3065 qua
1400 3003 1480 3065 puer

241 3106 354 3166 fuerat
372 3104 535 3183 imbutus,
556 3120 662 3180 neque
683 3105 845 3167 voluisset
864 3121 971 3181 neque
991 3107 1158 3181 potuisset
1177 3109 1250 3168 tam
1269 3104 1386 3181 llbere,
1406 3107 1477 3165 tam

241 3221 398 3291 proterve
427 3218 528 3279 iocari
558 3219 597 3279 de
628 3219 702 3297 deo,
736 3219 831 3279 cuius
863 3218 1476 3295 (11010110111101111111111,01101-

242 3331 318 3392 dote
350 3332 487 3407 Dionysi
516 3347 608 3394 more
638 3333 735 3394 solito
762 3334 936 3409 spectante
955 3350 973 3394 0
995 3334 1107 3395 media
1129 3334 1229 3408 primi
1252 3333 1377 3394 ordinis
1400 3333 1478 3394 sede

243 3443 591 3508 honorificentissima.

285 3560 360 3620 Non
395 3559 499 3620 nimis
533 3575 650 3623 severe
681 3559 880 3622 diudicanda
909 3562 990 3621 sunt
1020 3560 1115 3637 talia,
1148 3575 1213 3621 non
1241 3560 1344 3621 nimis
1367 3559 1477 3633 inique

243 3675 394 3751 terenda,
409 3721 417 3735 .
432 3719 462 3736 ..
492 3674 582 3736 aliud
613 3677 665 3736 est
695 3677 824 3750 pondus
855 3673 1054 3735 facetiarum
1084 3688 1166 3749 quas
1189 3674 1331 3749 protulit
1353 3687 1481 3734 comoe-

244 3787 315 3848 diae
339 3803 397 3848 ars
420 3763 674 3865 procacissima,
700 3788 787 3849 aliud
811 3789 1057 3849 sententiarum
1077 3788 1118 3849 ab
1137 3788 1292 3863 Euripide
1311 3789 1351 3848 de
1370 3802 1480 3848 rerum

245 3905 364 3961 natura
387 3902 534 3977 ipsisque
558 3902 630 3962 deis
653 3902 686 3962 in
711 3902 876 3963 dramatis
899 3901 1122 3978 prolatarum,
1139 3946 1146 3963 .
1162 3947 1190 3963 ..
1215 3902 1383 3977 sacrilegii
1402 3901 1483 3961 nihil

245 4015 304 4075 ioci
327 4012 386 4075 isti
409 4014 531 4077 habere
554 4016 821 4078 videbantur...

287 4128 472 4190 verissime
495 4130 644 4206 proiecto
669 4132 752 4192 haec
775 4130 903 4191 omniai
929 4129 992 4190 sed
1016 4129 1102 4203 quod
1127 4130 1290 4206 sacrilega
1313 4130 1394 4191 talia
1416 4144 1483 4190 non

247 4246 322 4303 sunt
346 4242 433 4320 visa,
461 4276 501 4287 -
528 4243 613 4318 quod
645 4259 709 4304 non
742 4242 852 4304 solum
885 4242 1098 4317 impudentes
1122 4243 1223 4318 aliqui
1247 4244 1482 4319 cachinnones,

247 4356 301 4416 sed
326 4357 429 4417 etiam
455 4358 505 4417 vir
528 4361 600 4418 tam
625 4358 706 4418 culti
730 4357 856 4432 ingenii
876 4372 977 4431 quam
996 4356 1060 4417 fuit
1079 4357 1335 4434 Aristophanes,
1357 4358 1482 4418 duxere

249 4468 338 4530 licita
366 4472 401 4531 01
429 4471 586 4548 innocua,
617 4472 651 4533 id
682 4471 792 4546 ipsum
824 4473 877 4532 est
903 4471 988 4545 quod
1012 4471 1271 4532 admirationem
1295 4470 1483 4546 legentibus

250 4582 339 4645 hodie
369 4585 504 4662 incutit,
536 4588 569 4646 01
599 4586 633 4646 in
658 4586 766 4662 ipsius
789 4589 906 4662 poetae
929 4588 1042 4646 mente
1065 4600 1166 4658 quarn
1190 4584 1299 4645 multa
1320 4583 1481 4645 volventi·

249 4696 305 4757 bus
328 4699 427 4759 annis
451 4702 585 4760 mutata
614 4699 740 4761 luerint
762 4700 948 4761 luculenter
972 4700 1077 4761 docet.
1108 4700 1327 4775 Anaxagoras
1350 4701 1482 4775 propter

251 4815 398 4885 spretum
428 4813 570 4875 deorum·
596 4815 723 4876 cultum
753 4816 929 4876 incusatus
952 4817 1019 4892 est,
1046 4815 1174 4877 Socrati
1198 4815 1232 4875 in
1256 4814 1335 4875 fatis
1358 4814 1422 4875 fuit
1445 4816 1481 4874 ut
