4067 5950
705 794 785 838 vrrs
808 794 848 838 11
871 793 1039 840 ornamus.
1426 785 1487 843 105

256 966 375 1026 induta
409 982 485 1028 oum
520 966 722 1042 irrepsisset,
754 965 880 1040 ingenti
916 966 1143 1042 indignatione
1176 968 1371 1044 pertremuit
1401 970 1489 1030 urbs.

256 1081 459 1141 Atheniensi
493 1081 527 1141 in
560 1079 686 1156 templo
717 1079 820 1141 nihilo
850 1079 960 1141 levius
989 1080 1100 1142 scelus
1130 1081 1196 1142 iam
1221 1084 1424 1158 perpetravit
1446 1084 1490 1159 is,

257 1193 314 1266 qui
338 1194 379 1254 ad
403 1194 569 1268 Euripidis
593 1207 730 1254 causam
754 1193 914 1254 orandam
945 1192 1080 1254 feminis
1103 1210 1139 1254 se
1162 1195 1360 1270 immiscuit;
1385 1210 1491 1271 neque

257 1307 374 1368 aderat
408 1308 559 1384 servula,
595 1322 678 1382 quae
714 1307 840 1382 ipsum,
872 1310 911 1367 ut
940 1307 1129 1369 Romanum
1161 1308 1254 1370 illum
1287 1309 1490 1386 adulterum,

257 1438 315 1497 per
340 1423 473 1484 aedium
497 1421 608 1495 aliqua
630 1420 783 1481 meacula
803 1420 893 1481 foras
911 1421 945 1480 in
965 1423 1077 1482 tutum
1097 1422 1189 1497 prius
1200 1421 1377 1483 abduceret
1390 1438 1491 1496 quam

257 1537 390 1612 inipso
417 1536 563 1597 facinore
592 1537 706 1610 posset
738 1534 982 1609 comprehendi.
1006 1535 1116 1595 Immo
1139 1535 1339 1597 manifestus
1362 1537 1494 1596 tenetur

258 1650 362 1711 homo
393 1649 553 1725 nefarius,
586 1663 711 1725 poenas
741 1649 826 1724 luet,
859 1652 892 1710 et
923 1650 1144 1724 gravissimas
1168 1651 1317 1724 quidem!
1343 1650 1414 1711 Illic
1436 1648 1492 1709 ubi

258 1764 410 1839 peccavit
432 1765 585 1838 captivus
604 1766 796 1824 asservatur
819 1777 839 1824 6
861 1763 1069 1839 mulieribus,
1095 1764 1175 1824 dum
1198 1763 1396 1838 quantocius
1418 1764 1492 1823 mit·

257 1878 341 1938 titur
363 1878 503 1938 nuntius
526 1878 567 1938 ad
591 1878 761 1954 senatum,
785 1877 840 1950 qui
863 1877 903 1937 de
926 1877 998 1937 eius
1020 1879 1111 1939 sorte
1134 1877 1298 1939 decernat.

304 1992 351 2052 At
381 1992 411 2051 si
442 1992 527 2067 quod
559 1991 713 2052 obortum
744 1992 835 2050 esset
865 1989 1063 2067 periculum,
1095 2006 1162 2052 non
1189 1990 1380 2052 defuturum
1403 2005 1439 2051 se
1463 1991 1494 2050 ei

258 2106 385 2166 iuravit
415 2105 604 2180 Euripidem
635 2118 741 2178 neque
771 2103 842 2180 ipse
872 2104 1002 2164 consilii
1033 2107 1086 2165 est
1117 2106 1228 2181 inops,
1253 2105 1373 2180 quippe
1394 2103 1492 2164 artili-

260 2219 336 2295 oiis,
373 2221 413 2278 ut
446 2219 516 2295 1116,
552 2218 735 2278 abundans.
771 2215 953 2278 custodum
988 2217 1093 2292 igitur
1126 2218 1184 2278 uni
1222 2219 1332 2279 subito
1366 2219 1494 2292 impetu

258 2333 359 2408 eripit
388 2348 486 2407 quern
517 2333 606 2392 ulnis
627 2332 762 2393 tenebat
785 2331 1002 2408 infantulum,
1027 2333 1061 2393 in
1085 2336 1216 2394 coetum
1240 2333 1417 2394 mulierum
1441 2331 1493 2393 ad·

259 2448 400 2508 ductum
431 2462 472 2507 ne
503 2447 594 2507 domi
623 2445 664 2506 ab
695 2445 829 2507 ancillis
859 2446 1053 2508 socordibus
1079 2447 1308 2522 neglegeretur
1331 2446 1495 2508 videlicet.

261 2561 470 2637 Quamquam
514 2560 649 2636 propius
689 2559 832 2622 intuenti
874 2561 967 2635 patet
1001 2561 1071 2621 vini
1110 2563 1219 2623 utrem
1258 2562 1292 2622 in
1331 2559 1495 2638 puellulae

259 2674 403 2750 figuram
426 2676 569 2736 venuste
596 2675 751 2735 ornatum
781 2688 858 2734 eum
880 2674 980 2735 matri
1003 2674 1053 2735 illi
1077 2674 1241 2736 sollicitae
1263 2674 1494 2750 praeripuisse.

307 2786 428 2849 Obside
461 2788 523 2848 hoc
553 2786 790 2862 comprehenso
821 2787 855 2847 in
879 2801 972 2847 aram
998 2787 1147 2863 confugit
1171 2789 1332 2865 captivus.
1365 2787 1455 2863 Quod
1478 2801 1496 2845 6

260 2901 409 2978 Telepho
431 2901 598 2979 Euripidis
620 2900 793 2976 tragoedia
814 2900 917 2961 habet
940 2900 1128 2962 artificium.
1159 2901 1242 2963 Dein
1266 2903 1299 2962 in
1323 2916 1416 2962 sacro
1440 2899 1496 2960 illo

259 3018 335 3077 ioco
359 3018 454 3077 tutus
476 3017 612 3077 dorsum
635 3014 835 3077 tabellarum
858 3017 1066 3088 quarundam
1093 3018 1298 3093 votivorum,
1318 3018 1351 3078 in
1371 3015 1495 3091 templo

261 3134 487 3208 repertarum,
520 3131 698 3193 conscribit
729 3130 883 3207 epistulis
913 3132 1063 3207 Euripidi
1094 3133 1184 3205 quali
1215 3133 1249 3192 in
1273 3132 1364 3191 vitae
1386 3130 1496 3191 discri-

261 3248 355 3307 mine
375 3247 524 3307 versetur
542 3245 761 3321 nuntiaturis,
782 3247 817 3306 st
835 3259 934 3318 quam
954 3244 1121 3306 latissime
1141 3247 1252 3321 potest
1267 3246 1375 3306 valida
1394 3260 1496 3305 manu

262 3378 321 3423 eas
344 3360 604 3435 circumspergit.
628 3360 664 3420 Id
688 3359 773 3433 quod
797 3374 815 3419 6
838 3358 1017 3419 Palamede
1041 3358 1140 3420 habet
1162 3360 1324 3421 dramate.

308 3475 373 3535 Sed
404 3474 516 3534 miseri
547 3473 693 3534 hominis
722 3487 837 3547 preces
868 3472 909 3533 ad
939 3475 1073 3547 poetam
1097 3473 1269 3547 pervenire
1292 3487 1358 3533 non
1382 3473 1497 3532 sinunt

262 3588 420 3661 numina;
452 3601 617 3661 nusquam
647 3589 736 3647 certe
759 3585 815 3647 ills
839 3587 1023 3661 comparet,
1045 3585 1199 3662 princeps
1223 3590 1336 3647 autem
1361 3588 1498 3645 senatus

262 3718 339 3763 cum
359 3701 543 3776 sagittariis
562 3699 618 3761 ubi
637 3700 743 3761 aderit
764 3702 917 3776 vocatus,
938 3701 977 3761 de
996 3700 1149 3776 sacrilegi
1168 3700 1277 3761 salute
1296 3701 1359 3761 erit
1371 3702 1495 3760 actum.

308 3815 409 3875 Aliud
438 3814 540 3888 igitur
569 3814 718 3874 tentetur
749 3812 942 3888 artificium,
968 3828 986 3873 e
1015 3814 1202 3874 novissima
1231 3818 1348 3889 poetae
1379 3813 1496 3888 tragici

263 3928 379 3989 fabula
401 3929 604 3989 desumtum.
638 3927 727 4003 Quae
752 3926 915 3987 Helenam
940 3927 1102 4004 habebat,
1128 3962 1168 3971 -
1192 3943 1258 3989 non
1282 3928 1495 3990 Homericam

262 4042 373 4118 illam,
398 4056 418 4101 a
440 4041 604 4116 praedone
626 4042 801 4116 peregrino
825 4040 858 4099 vi
881 4043 982 4113 atque
1005 4041 1144 4101 invitam
1170 4042 1341 4117 abreptam
1364 4042 1398 4102 in
1421 4042 1495 4102 Tro·

265 4157 376 4231 adem,
412 4155 472 4215 sed
501 4169 575 4215 eam
606 4168 689 4226 quae
720 4154 753 4213 in
784 4154 936 4228 Aegypto
968 4154 1155 4215 delituisset
1183 4156 1324 4231 intacta,
1353 4156 1432 4215 dum
1457 4156 1496 4215 de

265 4268 377 4329 fallaci
406 4268 547 4342 quadam
581 4267 652 4327 eius
675 4266 821 4340 imagine
845 4265 963 4327 Achivi
986 4269 1021 4325 et
1040 4266 1172 4328 Troiani
1189 4268 1393 4329 internecivo
1413 4266 1496 4329 bello

267 4384 446 4458 certarent,
478 4382 553 4442 dein
578 4396 598 4441 a
621 4380 769 4441 Menelao
801 4380 939 4454 coniuge
971 4381 1110 4441 domum-
1140 4381 1216 4441 inde
1239 4384 1328 4443 esset
1351 4383 1496 4443 reducta.

267 4496 321 4556 Sic
351 4494 440 4555 enim
472 4494 641 4569 Euripides
672 4492 903 4554 Stesichorum
935 4497 1071 4554 secutus
1102 4495 1315 4569 responderat
1338 4496 1377 4555 ad
1401 4511 1495 4568 quae-

267 4610 426 4684 stionem,
460 4624 543 4683 quae
575 4612 650 4683 post
681 4608 866 4668 Homerum
890 4608 923 4666 in
948 4609 1040 4681 poesi
1065 4608 1189 4669 Graeca
1213 4612 1264 4669 est
1287 4608 1415 4684 oborta,
1443 4612 1498 4682 qui

266 4724 431 4797 potuisset
448 4721 519 4782 fleri
539 4724 575 4782 ut
595 4722 723 4782 Helena
742 4723 818 4796 post
836 4720 914 4781 belli
933 4720 1066 4781 Troiani
1078 4720 1179 4783 finem
1193 4723 1330 4799 Spartae
1343 4725 1498 4797 regnaret

268 4836 374 4898 denuo
398 4837 540 4898 Menelai
564 4851 648 4897 uxor
670 4834 930 4897 honoratissime
954 4838 987 4895 et
1011 4835 1240 4898 dilectissima.
