4067 5950
623 1773 657 1850 Ι.
689 1774 757 1852 De
787 1781 930 1871 poeta
960 1793 1125 1871 puero.

866 2338 891 2396 i.

310 2552 464 2625 Regnum
499 2552 676 2611 Persarum
707 2566 727 2610 a
756 2549 840 2623 cyro
871 2551 1041 2611 conditum
1077 2550 1187 2627 polypi
1220 2551 1328 2611 instar
1357 2551 1493 2612 brachia

264 2665 396 2740 lougius
426 2679 558 2739 semper
587 2664 816 2738 protendentis
846 2665 998 2739 regiones
1028 2665 1114 2726 mari
1142 2665 1383 2726 mediterraneo
1406 2667 1490 2727 adia·

264 2781 380 2839 centes
411 2779 598 2854 appetebat.
628 2778 807 2839 Phoenicia
837 2780 870 2839 et
900 2780 1086 2855 Aegyptus,
1119 2779 1200 2839 Asia
1219 2783 1252 2839 et
1282 2780 1493 2855 Archipelagi

263 2893 382 2952 littora
414 2891 700 2968 septentrionalia,
736 2906 842 2952 novae
877 2907 1009 2967 semper
1043 2892 1195 2967 regiones
1233 2893 1493 2969 corripiebantur

266 3024 326 3068 nec
361 3008 583 3069 mittebantur
614 3009 791 3083 correptae.
827 3009 856 3068 A
893 3008 1015 3083 praeda
1048 3008 1220 3069 resistenti
1258 3008 1335 3069 elidi
1369 3008 1493 3082 aliquot

267 3121 439 3182 acetabula
477 3121 529 3183 vel
568 3122 670 3183 etiam
710 3121 878 3196 flagellum
917 3136 1023 3181 unum
1058 3123 1093 3181 et
1127 3122 1270 3183 alterum
1301 3122 1401 3183 avelli
1437 3123 1494 3181 vix

268 3235 432 3296 sentiebat
461 3238 651 3314 monstrum
680 3236 808 3310 ingenti
836 3235 953 3296 robore
983 3237 1123 3310 turgens
1153 3238 1187 3297 et
1221 3250 1328 3297 novas
1361 3250 1494 3311 semper

268 3350 357 3409 vires
379 3364 423 3410 ex
445 3349 521 3410 alvo
548 3350 660 3425 capaci
684 3350 842 3409 emittens
865 3349 899 3408 in
922 3350 1070 3422 corporis
1093 3351 1256 3411 extrema.

313 3460 525 3536 Carthaginis
558 3464 708 3538 potestas
741 3462 819 3523 dum
855 3462 1025 3523 erescebat
1058 3477 1115 3536 per
1153 3476 1229 3522 oras
1258 3462 1492 3538 occidentales,

266 3576 448 3638 orientales
465 3579 500 3637 in
519 3578 682 3639 dicionem
700 3592 797 3637 suam
816 3574 1010 3651 redigebant
1028 3574 1164 3651 Persae,
1187 3608 1228 3618 —-
1246 3576 1350 3637 donec
1366 3575 1496 3637 obstitit

267 3689 416 3752 Graecia.
449 3690 499 3750 Ad
529 3691 758 3751 Marathonem
788 3690 877 3749 Darii
907 3690 1019 3764 copias
1042 3689 1260 3764 profligarunt
1284 3688 1373 3750 cives
1395 3691 1495 3750 Athe·

267 3803 420 3865 nienses:
454 3820 570 3865 arcum
598 3804 644 3865 ibi
674 3804 755 3865 vicit
785 3804 899 3875 hasta3
930 3818 995 3863 non
1028 3804 1117 3864 enim
1145 3804 1272 3864 eratin
1296 3804 1377 3863 latis
1401 3804 1494 3864 utin

269 3917 384 3977 Attica
414 3917 640 3978 dominaretur
670 3918 807 3993 Hippias
837 3916 907 3991 regi
937 3915 1077 3977 barbaro
1108 3916 1263 3977 subditus
1285 3915 1432 3991 regulus.
1455 3916 1496 3975 Et

269 4030 426 4091 decennio
460 4033 549 4107 post,
586 4045 661 4090 cum
696 4030 828 4091 Xerxes
858 4044 918 4089 rex
949 4029 1080 4089 iuvenis
1114 4029 1302 4103 gloriaeque
1337 4032 1497 4106 appetens

268 4143 426 4204 insanam
457 4144 640 4205 hominum,
661 4142 913 4203 multitudinem
943 4142 1060 4202 effudit
1093 4143 1127 4201 in
1157 4142 1357 4203 Graecorum
1390 4146 1498 4205 terras

269 4260 309 4316 ut
331 4258 547 4321 contunderet
571 4272 684 4318 eorum
711 4256 967 4332 impudentiam,
993 4258 1027 4317 et
1049 4256 1144 4316 sinus
1167 4256 1309 4317 Graecos
1335 4256 1497 4317 classibus

271 4370 342 4430 suis
370 4370 510 4447 obtexit,
538 4386 579 4433 ne
602 4373 677 4431 tum
701 4370 843 4445 quidem.
857 4370 994 4431 obrutae
1017 4370 1232 4430 conciderunt
1257 4371 1411 4432 civitates
1433 4372 1497 4431 ioe-

270 4484 418 4560 deratae,
444 4499 583 4557 quarum
607 4484 774 4545 rationem
796 4499 856 4543 rex
878 4483 1041 4557 superbus
1065 4484 1177 4544 eiusve
1197 4484 1297 4545 duces
1317 4485 1374 4544 vix
1393 4483 1496 4545 ullam

269 4597 470 4675 habuerant,
495 4598 554 4659 sed
576 4600 710 4659 strenue
733 4598 947 4673 repugnando
971 4599 1060 4658 vires
1084 4598 1232 4658 hostium
1255 4597 1433 4671 fregerunt.

315 4712 403 4772 Fieri
435 4727 533 4787 posse
563 4713 648 4786 quod
680 4713 737 4772 vix
768 4712 944 4786 quisquam
975 4712 1172 4788 crediderat,
1204 4712 1330 4772 lactum
1354 4712 1386 4771 id
1410 4715 1497 4773 erat:

269 4826 497 4889 Themistocle
537 4826 671 4887 iubente
711 4825 873 4886 orientem
909 4840 1026 4885 versus
1060 4828 1245 4887 recesserat
1282 4824 1343 4886 sol.
1383 4826 1499 4886 Stabat

354 4932 402 4977 Ar..
1381 4930 1393 4971 1
