4067 5950
719 799 799 846 vrrs
823 801 862 846 ror
886 801 1057 848 ornarans.
1461 789 1503 848 57

271 975 306 1033 in
338 988 404 1046 qua
434 975 568 1034 caterva
591 971 747 1032 famelica
767 973 863 1032 erant
885 971 1089 1047 Protagoras
1113 975 1147 1033 et
1169 972 1393 1049 Ohaerephon.
1417 974 1508 1034 Tunc

272 1089 310 1146 ut
328 1087 369 1146 de
388 1087 536 1148 Nubibus
555 1085 669 1146 fabula
688 1085 801 1144 minus
821 1085 971 1157 iniquum
992 1083 1086 1147 fleret
1104 1086 1262 1147 iudicium
1282 1101 1417 1163 operam
1429 1087 1506 1147 dare

270 1215 388 1260 secum
424 1199 598 1260 constituit
632 1197 885 1273 Aristophanes.
922 1198 1029 1273 Quam
1049 1195 1051 1199 ’
1070 1200 1100 1258 81
1134 1199 1258 1260 iterum
1293 1201 1507 1275 magistratui
1623 1197 1630 1206 “

272 1313 380 1373 voluit
410 1313 529 1374 offerre
559 1312 613 1372 vel
637 1326 756 1372 revera
778 1311 914 1388 obtulit,
945 1313 1056 1387 magis
1080 1312 1183 1373 etiam
1206 1328 1307 1386 qnam
1329 1316 1426 1375 antea
1448 1329 1506 1389 spe

271 1429 325 1486 est
354 1426 554 1500 frustratum
587 1439 666 1486 nam
696 1425 809 1486 fabula
838 1440 904 1487 non
935 1426 1063 1487 iterum
1094 1441 1214 1488 scenae
1244 1429 1297 1488 est
1326 1429 1508 1488 commissa

270 1539 361 1598 ludis
391 1539 542 1614 publicis.
575 1538 637 1598 Sed
666 1553 737 1598 rem
760 1539 831 1599 tam
854 1539 1026 1600 insolitam
1050 1540 1254 1614 appetivisse
1276 1556 1342 1602 non
1366 1541 1507 1602 videtur.

272 1652 432 1727 Quicquid
463 1653 496 1712 id
527 1654 593 1727 est,
619 1651 721 1713 edidit
744 1655 825 1712 tunc
847 1652 1012 1729 fabulam,
1039 1657 1217 1729 postquam
1241 1655 1359 1715 delatis
1383 1654 1510 1728 aliquot

272 1767 440 1842 versibus,
476 1782 616 1840 quorum
650 1766 744 1827 nulla
771 1767 839 1827 iam
874 1777 1054 1843 supersunt
1085 1769 1241 1846 vestigia,
1273 1769 1510 1845 quinquaginta

270 1880 343 1943 fere
376 1896 481 1942 novos
514 1881 665 1942 inseruit.
708 1879 745 1941 111
779 1881 832 1942 his
866 1881 968 1944 libere
1003 1883 1232 1958 expostulavit
1270 1899 1344 1944 oum
1380 1883 1508 1944 civibus

270 1996 423 2058 fabulam
442 1997 614 2057 immerito
633 1995 836 2072 aspernatis
857 1995 1051 2073 Eupolidem
1068 2000 1182 2059 autem
1198 1998 1347 2072 aliosque
1359 1997 1509 2059 aemulos

271 2109 403 2171 acerbis
425 2107 545 2184 petivit
568 2108 732 2182 dicteriis;
756 2123 897 2182 quorum
917 2110 1006 2171 iocos
1030 2111 1216 2184 quicunque
1239 2109 1433 2186 probarent,
1457 2110 1510 2170 his

270 2224 380 2300 ipsius
402 2222 636 2298 Aristophanis
659 2222 799 2284 facetiae
822 2223 952 2284 utinam
976 2240 1018 2286 ne
1041 2225 1223 2300 placerent!

320 2336 517 2410 Legentium
549 2335 615 2396 alia
645 2350 746 2409 quam
778 2336 963 2410 primorum
990 2341 1217 2415 spectatorum
1241 2340 1304 2399 iuit
1327 2340 1510 2414 sententia;

272 2451 375 2511 hodie
395 2449 563 2525 Eupolidis
584 2449 804 2511 Adulatorum
819 2483 859 2494 -
873 2449 1005 2512 fabulae
1024 2453 1163 2512 minime
1182 2455 1295 2513 tamen
1308 2451 1456 2512 insulsae
1469 2485 1510 2495 -

271 2579 343 2624 non
377 2564 441 2624 nisi
465 2578 540 2624 rara
564 2566 743 2638 supersunt
767 2564 924 2640 vestigia,
950 2567 984 2626 et
1006 2565 1178 2642 Amipsiae
1201 2566 1421 2640 Philosophos
1442 2564 1511 2625 alta

271 2679 360 2752 tegit
390 2678 569 2738 oblivionis
600 2693 682 2738 nox:
714 2677 825 2739 Nubes
849 2680 883 2739 et
913 2679 984 2739 Pax
1008 2680 1245 2754 Aristophanis
1268 2678 1400 2740 fabulae
1423 2678 1513 2738 clara

274 2793 384 2852 etiam
409 2793 442 2851 in
467 2792 540 2852 luce
564 2793 751 2852 versantur.

872 3066 913 3129 X.

320 3246 532 3307 induciarum
563 3248 713 3321 ternpore
743 3244 985 3320 Aristophanes
1015 3244 1100 3306 duas
1130 3245 1260 3306 fabulas
1291 3247 1382 3322 iecit,
1415 3247 1510 3306 Proa-

269 3375 388 3433 ponem
412 3364 447 3420 et
477 3360 599 3435 Vesper.

322 3471 467 3548 Quarum
499 3474 587 3547 prior
622 3487 738 3532 mense
773 3472 952 3533 Februario
983 3472 1062 3531 anni
1093 3473 1159 3531 422
1189 3471 1328 3533 Lenaeis
1361 3476 1412 3532 est
1435 3473 1513 3532 data

272 3586 448 3661 primoque
480 3584 628 3661 praemio
659 3588 776 3645 ornata
808 3600 882 3645 essa
912 3584 1054 3645 videtur.
1082 3585 1107 3644 E
1130 3586 1262 3645 scenica
1284 3589 1355 3645 arte
1379 3587 1511 3646 desum-

271 3705 347 3760 tam
370 3699 474 3759 inisse
496 3698 672 3759 materiem
696 3699 791 3758 docet
814 3713 953 3771 nomem
978 3702 1149 3772 praeterea
1171 3698 1358 3773 Euripidem
1378 3702 1510 3773 poetam

271 3814 441 3888 tragicum
466 3812 500 3872 in
524 3826 563 3871 ea
586 3811 734 3871 derisum
758 3825 832 3871 esse
857 3812 1025 3872 novimus

321 3925 433 3985 Mense
456 3924 573 3984 Martio
597 3923 726 3998 Magnis
748 3923 955 3984 Liberalibus
973 3938 1093 3984 scenae
1112 3924 1293 3984 commissa
1312 3927 1365 3984 est
1384 3925 1511 3999 Vespae

273 4039 399 4100 fabula.
432 4037 533 4098 (iuius
564 4036 672 4113 operis
702 4052 838 4111 germen
869 4038 903 4097 in
930 4037 1167 4113 Aristophanis
1190 4038 1303 4097 animo
1327 4038 1414 4100 vixit
1436 4039 1512 4098 inde

263 4154 316 4235 'ab
342 4167 380 4213 eo
403 4152 554 4226 tempore
574 4165 638 4223 quo
658 4149 768 4210 Nubes
788 4150 937 4225 scripsit,
958 4148 1103 4211 Nubium
1123 4153 1238 4211 autem
1259 4166 1337 4225 pars
1349 4151 1513 4226 posterior
1638 4159 1640 4167 ’

273 4267 404 4340 Vespae
428 4265 540 4327 fabula
563 4263 626 4323 dici
650 4264 771 4337 potest.
796 4261 878 4322 Post
901 4278 1077 4323 causarum
1101 4266 1260 4338 patronos
1279 4267 1377 4338 poeta
1396 4264 1514 4338 petivit

273 4381 414 4441 iudices.

321 4492 398 4553 Seni
433 4491 557 4552 rustico
592 4488 826 4550 Meditaculum
865 4487 945 4548 illud
980 4490 1126 4565 primum
1162 4489 1283 4550 visenti
1316 4505 1336 4548 a
1366 4490 1512 4550 Socratis

273 4606 419 4681 quodam
462 4603 625 4678 discipulo
667 4602 943 4662 monstrabantur
978 4603 1071 4663 varia
1105 4603 1356 4677 disciplinarum
1393 4605 1512 4663 instru-

274 4726 392 4779 menta
422 4720 456 4779 et
488 4715 706 4791 adminicula,
739 4715 772 4774 in
805 4714 857 4775 1118
883 4714 996 4775 tabula
1020 4715 1136 4776 orbem
1160 4718 1324 4776 terrarum
1351 4715 1513 4775 exhibens

272 4834 455 4908 depictum.
480 4831 517 4891 In
543 4844 706 4903 quacum
731 4828 898 4889 indicatus
922 4828 985 4888 sibi
1009 4832 1100 4889 esset
1123 4828 1231 4904 locus,
1257 4829 1312 4889 ubi
1336 4829 1512 4888 Athenien·
