4067 5950
683 798 763 844 vrrs
786 799 825 844 nr
849 798 1018 844 ornemus.
1404 781 1465 843 127

226 972 421 1046 Aeschylus
454 971 553 1032 choro
587 969 732 1031 tribuere
766 970 886 1031 solitus
919 969 978 1046 sit,
1014 968 1152 1030 ridicule
1183 968 1345 1030 imitando
1375 969 1470 1030 docet

226 1086 422 1161 Euripides:
457 1098 588 1160 semper
623 1084 738 1145 eodem
772 1081 926 1144 redibant
956 1082 1026 1159 illa,
1061 1082 1135 1143 soni
1162 1084 1259 1143 erant
1289 1081 1369 1143 vani
1398 1082 1470 1142 sine

225 1215 346 1260 sensu.
367 1198 554 1273 Aeschylus
578 1198 694 1260 deinde
717 1196 909 1258 monodiam
933 1196 1120 1272 Euripideis
1143 1195 1290 1258 similem
1307 1211 1344 1257 sc
1363 1198 1469 1256 canta·

224 1315 349 1372 turum
373 1313 433 1389 ait,
453 1315 491 1373 ut
509 1312 664 1373 ostendat
683 1311 800 1385 quanti
816 1310 1008 1371 laciendum
1029 1310 1075 1370 sit
1093 1309 1174 1370 illud
1194 1311 1266 1370 eius
1282 1309 1470 1384 inventum,

225 1427 321 1498 quod
355 1426 396 1486 ab
426 1426 499 1500 ipso
528 1424 753 1500 singularibus
784 1423 981 1498 quibusdam
1013 1422 1167 1484 laudibus
1191 1422 1385 1486 celebretur.
1409 1423 1472 1484 Sed

224 1539 306 1613 lyra
330 1539 372 1600 ab
395 1539 559 1601 eiusmodi
580 1540 726 1600 carmine
749 1538 882 1601 abesto:
906 1536 1032 1598 talibus
1054 1536 1206 1598 versibus
1229 1536 1295 1598 alia
1317 1538 1472 1598 convenit

226 1653 387 1728 supellex
410 1654 554 1714 musical

276 1768 397 1842 Itaque
429 1769 609 1829 advocatur
633 1767 791 1828 cantricis
814 1766 1098 1830 circumforaneae
1121 1780 1227 1842 nuper
1250 1766 1321 1827 rita
1342 1765 1475 1826 functae

226 1883 369 1958 umbra,
413 1897 496 1956 quae
532 1880 746 1958 crepitaculis
780 1882 851 1943 suis
885 1882 1016 1943 accinat
1050 1880 1217 1955 Aeschylo
1250 1894 1356 1942 novae
1390 1878 1472 1940 artis

226 1996 406 2071 specimen
441 1996 569 2057 edituro
604 1996 644 2056 de
678 1998 876 2071 argumento
911 2010 931 2056 a
965 1994 1211 2070 spectatoribus
1245 1994 1332 2055 haud
1365 1993 1472 2055 alieno

227 2110 389 2184 quodque
418 2110 458 2170 ab
487 2110 530 2170 iis
560 2109 721 2171 diudicari
750 2109 868 2185 possit.
896 2109 937 2169 iit
968 2111 1021 2170 est
1050 2123 1132 2170 sane
1164 2108 1270 2168 cuivis
1300 2107 1471 2168 intellectu

228 2222 346 2284 facile.
377 2222 468 2298 Quod
491 2223 521 2282 si
543 2223 632 2284 vitae
654 2222 865 2298 quotidianae
889 2222 998 2282 verbis
1022 2222 1221 2297 enuntietur,
1245 2220 1473 2282 huiuscemodi

227 2336 298 2396 sit:
323 2336 596 2412 ,materfamilias
612 2336 789 2412 quaedam,
810 2350 910 2409 quam
930 2335 1152 2397 dormientem
1172 2336 1336 2410 oppressit
1351 2334 1471 2394 insom-

231 2449 370 2525 ,nium,
391 2449 623 2526 expergefacta
640 2449 766 2525 gallum
786 2463 887 2509 suum
908 2448 1129 2523 gallinaceum
1151 2462 1315 2522 nusquam
1335 2447 1471 2523 reperit,

232 2563 336 2638 ,dein
360 2563 529 2625 advocatis
551 2562 723 2625 lictoribus
745 2578 765 2624 a
787 2562 897 2623 vicina
919 2561 1097 2637 reposcit.”

278 2677 375 2737 Haec
404 2677 503 2752 igitur
533 2675 689 2738 materies
719 2691 796 2737 vere
818 2676 1004 2736 domestica
1025 2675 1189 2735 tractatur
1210 2674 1244 2733 in
1268 2674 1395 2734 cantico
1418 2673 1472 2734 tri·

228 2790 376 2865 partito,
398 2790 499 2850 variis
516 2789 676 2850 adhibitis
695 2788 778 2850 artis
798 2787 994 2848 recentioris
1013 2787 1198 2863 lenociniis,
1220 2786 1329 2860 qualia
1341 2787 1474 2846 adamat

228 2903 338 2963 homo
363 2902 466 2962 nimis
490 2905 660 2981 versutus,
685 2902 789 2962 nimis
813 2900 963 2962 callidus.

843 3279 869 3338 Ι.

423 3479 469 3553 ,0
493 3479 601 3555 caligo
621 3479 797 3541 iuscicolor

425 3592 572 3667 ,Noctisi
596 3594 681 3655 mihi
702 3609 802 3670 quam
825 3593 935 3654 mittis
957 3592 1173 3653 lacrimosum

424 3707 653 3783 ,Spectaclum
677 3724 695 3769 e
716 3707 878 3769 tenebris:
902 3708 1056 3782 Stygium
1080 3705 1259 3782 famulum,

424 3854 487 3897 ,—
509 3822 664 3900 Vivebat,
688 3823 746 3884 scd
769 3822 843 3883 sine
866 3822 952 3882 vital
980 3854 1021 3865 -

424 3935 555 4011 ,Genus
578 3936 744 4012 nigrantis
766 3936 841 3997 Orci

423 4049 600 4123 ,Taetrum
622 4049 890 4122 horrendumque
913 4047 1088 4123 adspectui

423 4161 615 4237 ,regimine
639 4162 811 4224 cadaveris
834 4161 927 4236 niger
950 4163 1022 4221 erat
1047 4159 1223 4234 oculosque
1247 4176 1343 4221 cruor

425 4276 561 4350 ,Notat;
585 4276 649 4339 heu
673 4276 797 4351 digitus
820 4275 986 4337 aduncusi

422 4606 486 4678 ,At
509 4602 590 4663 mihi
613 4602 698 4664 ferte
721 4602 829 4663 lacem
853 4601 999 4662 famulae
1024 4602 1101 4676 cito,

425 4718 469 4792 ,li
492 4718 594 4778 fluvio
617 4716 730 4779 situlis
753 4716 888 4778 laticem
912 4717 1015 4791 petite
1039 4719 1072 4776 et
1096 4714 1252 4775 calefacto

425 4831 491 4906 ,Ut
513 4846 644 4892 sacram
667 4830 812 4906 speciem
836 4830 934 4891 facite
959 4828 1109 4889 abluaml
