4067 5950
676 794 719 840 br
742 793 851 839 rcxru
874 794 1028 839 ramiro.
1403 783 1468 844 303

283 966 375 1027 Idem
399 978 490 1026 error
512 964 647 1039 irrepsit
670 964 705 1026 in
729 964 816 1027 Plut.
842 965 918 1041 792,
942 966 998 1027 ubi
1022 965 1143 1026 Plutus
1165 966 1249 1027 deus
1267 968 1316 1028 sic
1334 981 1474 1029 uxorem

244 1078 409 1153 Obremyli
432 1079 621 1154 alloquitur,
647 1079 678 1139 si
700 1076 783 1141 fides
807 1078 976 1141 codicibus
999 1079 1069 1140 VR
1092 1080 1230 1141 ceteris:

462 1190 537 1270 ἐμοῦ
560 1190 618 1273 γὰρ
642 1191 789 1264 εἰσιόντος
813 1191 855 1265 εἰς
877 1190 934 1271 τὴν
958 1192 1059 1253 οἰκίαν

462 1305 612 1385 πρώτιστα
634 1304 700 1365 nul
722 1303 965 1384 βλέψαντος,
988 1302 1080 1367 οὐδὲν
1104 1304 1242 1387 ἐκφέρειν

464 1416 622 1499 πρεπῶδές
646 1416 736 1479 ἔστιν.

244 1534 327 1609 Quae
351 1549 458 1608 neque
482 1536 559 1609 apte
582 1548 742 1609 expressa
765 1548 874 1609 neque
898 1548 978 1595 vera
996 1536 1094 1596 erunt
1114 1534 1228 1612 verba,
1251 1537 1474 1598 -nonenim

242 1650 383 1726 primum
415 1665 505 1710 nunc
535 1649 617 1709 deus
647 1648 834 1709 intraturus
865 1651 917 1710 eet
944 1647 1116 1724 Obremyli
1138 1650 1290 1727 domum,
1315 1651 1374 1711 sed
1397 1651 1476 1713 illuc

241 1764 419 1839 rediturus,
448 1795 488 1806 —
512 1761 578 1823 nisi
600 1761 731 1823 abiecta
752 1761 918 1838 particula
941 1763 1052 1824 inutili
1075 1762 1129 1823 καί
1149 1763 1369 1825 rescribatur:

464 1869 601 1949 πρώτιστ’
628 1871 860 1952 ἀναβλέψαντος
884 1869 1128 1953 (diffiterentur).

282 1990 324 2050 at
354 1990 494 2051 tertium
526 1988 676 2050 eiusdem
708 1990 830 2051 erroris
861 1990 1055 2066 exemplum
1087 1992 1125 2050 ut
1156 1990 1209 2051 bic
1239 1991 1410 2068 afferatur,
1441 1992 1475 2052 in

241 2103 365 2164 scholio
389 2103 418 2164 R
442 2103 484 2163 ad
507 2102 585 2176 bys.
611 2102 676 2164 384
700 2117 760 2178 pro
785 2100 857 2179 „ivo
882 2104 1014 2187 νεάτῃς”
1039 2103 1217 2178 legendum
1240 2107 1293 2165 est
1319 2098 1376 2181 „iv’
1402 2102 1477 2165 ἀνα-

242 2219 383 2301 νεάσῃς”,
420 2216 703 2292 quemadmodum
738 2220 831 2279 recte
865 2217 899 2278 in
935 2218 1063 2279 scholio
1098 2217 1127 2278 V
1157 2217 1197 2279 ad
1228 2220 1305 2280 Pac.
1337 2219 1401 2283 861
1426 2221 1479 2280 est

242 2339 435 2397 exaratum:
463 2326 537 2411 „ol”
552 2330 806 2409 πάλῑᾶννεάζιν”
830 2326 908 2405 (οἷον
931 2334 1024 2395 πάλιν
1048 2333 1246 2407 dioecetes).

283 2448 458 2511 contrarie
481 2450 564 2509 vitio
587 2464 631 2511 ex
650 2464 718 2511 una
736 2449 850 2511 littera
868 2450 1038 2525 procrevit
1053 2449 1258 2526 praepositio
1277 2449 1354 2525 bys.
1378 2451 1475 2514 1238.

244 2562 321 2624 Tam
341 2563 476 2623 benevoli
498 2594 534 2605 -
557 2577 707 2625 recensa
724 2563 877 2625 convivio
897 2564 946 2624 ait
965 2563 994 2623 ie
1018 2564 1074 2638 qui
1096 2564 1130 2622 in
1154 2578 1289 2625 scenam
1314 2565 1476 2640 prodit-

240 2680 305 2737 tum
337 2674 475 2737 benevoli
505 2692 635 2738 eramns
665 2691 772 2738 nnnee
793 2676 946 2750 οονοίοοο,
969 2680 1004 2737 nt
1027 2676 1107 2737 nibil
1129 2692 1193 2737 non
1217 2678 1426 2739 wudaremns
1449 2682 1477 2739 et

236 2787 464 2865 probaremns;
486 2791 564 2865 qnin
591 2790 790 2852 Telamonem
812 2790 841 2851 si
863 2790 934 2865 pun
956 2790 1111 2851 cecinisset
1130 2792 1174 2851 od
1193 2792 1301 2853 modos
1320 2793 1477 2853 carminis

241 2906 322 2981 qnod
352 2911 395 2967 est
426 2906 463 2966 de
496 2901 664 2983 Olduporo,
698 2934 738 2947 -
770 2903 908 2965 ridicule
931 2904 1033 2981 igitur
1056 2903 1262 2966 confundens
1285 2906 1409 2984 omnia,
1433 2939 1474 2950 -

240 3022 283 3082 ael
305 3022 351 3083 sic

509 3129 698 3217 ἐπῃνέσαμεν
720 3129 760 3193 ἂν
782 3131 835 3194 nui
858 3133 1269 3214 προσεπιωρκήσαμεν.

241 3247 336 3310 Absit
367 3249 483 3310 omenl
516 3247 631 3323 procul
662 3248 753 3325 hino,
786 3249 843 3309 ubi
873 3265 940 3325 pax
971 3253 1005 3311 et
1035 3249 1152 3311 foedus
1179 3249 1270 3310 laeta
1292 3263 1373 3311 cena
1396 3249 1475 3310 cele·

241 3362 390 3441 brantur,
415 3361 573 3422 facessite
591 3361 719 3437 periuri
726 3364 733 3421 l
759 3363 864 3425 Poeta
887 3362 1041 3425 dederat:
1117 3371 1127 3386 ⁶

756 3473 908 3556 καὶπρὸς
935 3472 1274 3555 ἀνενροτήσαμεν.

241 3589 487 3652 interciderunt
519 3589 652 3652 litterae
688 3587 728 3650 dv
762 3606 821 3668 pro
852 3591 976 3652 iterata
1005 3590 1171 3666 particula
1201 3586 1241 3648 iv
1271 3589 1414 3666 habitae,
1446 3593 1480 3652 et

243 3729 445 3812 ἐκρατήσαμεν
469 3735 504 3795 in
527 3679 626 3798 (131...
650 3734 811 3796 excrevit.

295 4067 346 4142 ll)
366 4067 423 4128 De
442 4067 546 4128 binis
566 4066 746 4142 deinceps
764 4065 807 4126 in
828 4068 980 4127 textum
999 4066 1164 4143 receptis
1185 4067 1426 4128 lectionibus.

286 4280 402 4341 Multis
424 4279 508 4341 locis
532 4281 616 4341 duae
639 4280 795 4354 deinceps
818 4278 978 4340 lectiones
1000 4279 1036 4339 in
1058 4281 1192 4340 textum
1216 4281 1297 4340 sunt
1314 4281 1477 4354 receptae.

245 4392 436 4456 Cuiusmodi
471 4410 562 4456 error
595 4395 694 4470 longe
728 4393 886 4454 facillime
916 4394 1109 4468 agnoscitur
1140 4395 1217 4456 Pac.
1251 4394 1348 4470 1099,
1379 4408 1478 4469 quem

245 4523 380 4570 versum
404 4508 509 4571 talem
533 4508 694 4570 exhibent
716 4506 745 4567 V
769 4510 803 4569 et
825 4507 874 4568 R:

422 4621 536 4703 φράζεο
558 4622 604 4700 δὴ
627 4629 700 4682 νῦν
724 4621 767 4701 μή
789 4621 854 4694 πώς
878 4637 911 4682 σε
934 4620 1013 4708 δόλῳ
1039 4620 1153 4702 φρένας
1177 4619 1366 4699 ἐξαπατήσας

469 4735 528 4798 nri.

246 4852 324 4913 iirat
344 4853 446 4930 igitur
464 4853 500 4912 in
519 4852 700 4927 archetypo
720 4849 832 4930 φράζεο
845 4784 887 4927 οἵ
896 4851 955 4910 aut
966 4846 1080 4927 φράζεο
1091 4775 1159 4906 ν’ἒν
1173 4845 1262 4921 Quae
1276 4847 1421 4907 varietas
1436 4878 1476 4889 —
