4067 5950
542 744 608 804 200
978 756 1269 804 οωιιεειιτεοοιιστι

544 926 585 1003 δις
606 928 737 1011 γεωργός
761 929 869 1002 δοῦλος
892 928 1029 989 έσταλται
1051 928 1093 1001 είς
1115 928 1168 990 τόν
1192 926 1286 1010 ἀγρόν
1313 929 1365 991 τόν
1389 929 1550 1009 ἀμπελῶνα
1574 930 1774 1013 ἐργάσασθαι,

545 1041 721 1116 ἀνεσπακὼς
744 1040 778 1103 δέ
801 1040 921 1126 δικίλλη
943 1043 1123 1123 προρρίζους
1150 1042 1199 1117 ’.ὰς
1222 1041 1373 1122 ἀμπέλους
1396 1047 1614 1125 νωτοφορήσας
1632 1069 1665 1107 τε
1684 1046 1771 1118 αδτάς

546 1156 589 1232 είς
612 1156 645 1218 τδ
667 1156 779 1236 νίκημα
809 1165 863 1218 τοῦ
885 1165 1020 1237 γεωργοῦ
1040 1154 1060 1229 ¹)
1090 1152 1256 1236 θωμούςῆ
1284 1179 1314 1219 τι
1337 1159 1484 1239 μεγάλους
1507 1158 1629 1239 έποίησε
1651 1158 1705 1221 καλ
1726 1159 1772 1221 τόν

546 1272 667 1352 κρείττω
688 1280 749 1333 τῶν
771 1272 853 1351 βοῶν
876 1272 978 1343 θύσας
999 1268 1052 1331 καλ
1071 1270 1122 1332 τόν
1142 1276 1280 1331 πιθεῶνα
1299 1272 1461 1351 διαρρήξας
1479 1270 1530 1334 καί
1549 1272 1602 1336 τὸν
1620 1273 1774 1334 κάλλιστον

548 1386 644 1447 πίθον
667 1383 876 1464 άποπωμόσας
898 1384 951 1458 τάς
972 1386 1074 1465 θύρας
1097 1407 1127 1447 τι
1150 1382 1191 1458 δις
1214 1386 1362 1465 τράπεζαν
1384 1385 1452 1459 θείς
1475 1386 1566 1467 ήσθιέ
1584 1409 1615 1448 τε
1640 1385 1694 1448 καλ
1717 1386 1775 1447 έπι-

549 1523 602 1563 νεν
632 1500 729 1585 ᾄδων,
755 1498 806 1561 καί
836 1510 875 1585 τῳ
902 1508 1064 1579 προεστῶτι
1087 1495 1121 1561 δέ
1142 1507 1197 1561 τοῦ
1220 1496 1315 1580 άγροῦ
1340 1500 1431 1579 δριμύ
1454 1499 1569 1581 ἐνορῶν
1592 1499 1699 1581 φέρειν
1723 1499 1776 1561 ἐκέ-

550 1620 637 1677 λευεν
670 1613 767 1696 ύραῖά
800 1635 831 1674 τε
859 1611 909 1674 καί
940 1615 1145 1692 πλακοῦντας,
1174 1612 1225 1674 καί
1255 1611 1336 1687 τέλος
1367 1613 1438 1676 δλον
1465 1614 1602 1693 ποταμόν
1624 1614 1703 1695 πρὸς
1726 1614 1776 1691 τήν

549 1728 676 1790 ἔπαυλιν
698 1726 811 1809 τρέψας
835 1725 871 1788 τά
892 1726 991 1787 πάντα
1013 1724 1222 1789 κατίκλνσεν“.
1246 1726 1306 1790 ἔστι
1328 1726 1362 1789 δέ
1384 1729 1417 1790 τὸ
1440 1739 1578 1791 τοιοῦτον
1603 1729 1776 1809 Εὐριπίδου

548 1843 657 1923 δρᾶμα·
688 1850 812 1905 τοιαῦτα
842 1839 876 1903 δέ
902 1842 960 1903 είσι
982 1840 1019 1902 τδ
1038 1841 1183 1923 σατυρικὰ
1203 1842 1349 1923 δράματα.
1372 1842 1455 1917 τέλος
1477 1841 1511 1904 δέ
1533 1844 1705 1929 τραγῳδίας
1727 1839 1777 1920 μὲν

546 1958 630 2019 λύειν
654 1957 710 2018 τὸν
733 1957 819 2037 βίον,
841 1956 1002 2042 κωμῳδίας
1033 1953 1067 2016 δέ
1096 1966 1240 2017 συνιστᾶν
1264 1956 1367 2036 αύτόν,
1390 1968 1550 2039 σατυρικῆς
1576 1956 1609 2019 δέ
1632 1958 1776 2028 τοιούτοις

546 2073 722 2152 θυμελικοῖς
744 2075 964 2151 χαριεντισμοῖς
987 2070 1178 2149 καθηδύνειν
1201 2070 1303 2133 αύτόν.
1323 2070 1441 2152 λνρικοί
1460 2070 1507 2150 δέ,
1526 2072 1558 2133 οί
1573 2071 1626 2133 καί
1644 2067 1777 2133 κυκλικολ

546 2184 596 2246 καί
616 2184 838 2266 διθυραμβικοί
858 2179 898 2263 ⁸),
913 2182 933 2264 ή
954 2182 1091 2264 διθλητδις
1111 2182 1205 2266 ἀγῶσι
1220 2195 1369 2259 νικῶντας
1381 2184 1516 2271 έπήνονν
1528 2184 1548 2265 ἢ
1558 2186 1613 2247 τὸν
1625 2186 1776 2247 Διόνυσον

547 2300 668 2379 ὕμνουν
690 2298 711 2380 ή
734 2296 854 2380 έτέρους
876 2300 980 2372 θεούς.

525 2425 527 2429 ’
595 2413 638 2474 έτι
651 2408 677 2486 ⁴)
707 2412 805 2477 ἱστίον
829 2414 874 2476 δτι
904 2413 980 2475 κατδι
1002 2413 1171 2475 Διονύσιον
1194 2412 1244 2475 καί
1269 2414 1410 2493 Κράτητα
1433 2413 1484 2474 καί
1509 2413 1684 2492 Εύιτλείδην
1709 2410 1777 2491 μέρη

549 2528 709 2614 κωμῳδίας
731 2527 788 2590 είσλ
809 2527 948 2608 τέσσαρα
972 2528 1136 2609 πρόλογος,
1158 2525 1246 2605 μέλος
1269 2528 1379 2608 χόρου,
1401 2525 1572 2589 ἐπεισόδιον
1595 2525 1648 2589 καλ
1671 2526 1778 2600 ἔξοδος.

549 2640 601 2703 καί
631 2643 779 2723 πρόλογος
809 2640 864 2721 μέν
891 2640 952 2703 έστι
975 2639 1008 2703 τό
1032 2640 1116 2721 μέχρι
1139 2650 1193 2703 τοῦ
1212 2651 1305 2721 χοροῦ
1328 2649 1380 2720 τῆς
1404 2641 1534 2702 είσόδου.
1558 2637 1578 2720 ή
1603 2637 1637 2701 δὲ
1661 2641 1726 2719 άμα
1746 2648 1778 2722 τῆ

548 2757 656 2843 εἰσόδῳ
686 2765 740 2818 τοῦ
772 2765 864 2836 χοροῦ
886 2754 1032 2838 λεγομένη
1056 2755 1142 2837 ῥῆσις
1166 2753 1253 2834 μέλος
1276 2762 1408 2817 καλεῖται
1431 2764 1532 2835 χοροῦ.
1556 2753 1728 2817 ἐπεισόδιον
1751 2748 1779 2811 δέ

549 2869 609 2932 έστι
639 2868 728 2950 μόρος
758 2870 869 2949 μεταξύ
893 2875 990 2949 μελῶν
1013 2869 1063 2931 καί
1088 2869 1205 2951 ῥήσεων
1228 2870 1285 2932 δύο
1308 2879 1437 2950 χορικῶν
1453 2864 1485 2942 ⁶).
1517 2868 1620 2943 ἔξοδος
1646 2868 1680 2929 δέ
1705 2866 1778 2929 ἐστιν

549 2982 569 3065 ἡ
594 2986 669 3065 πρὸς
692 2996 732 3069 τῳ
756 2982 829 3045 τέλει
852 2993 906 3046 τοῦ
937 2993 1030 3065 χοροῦ
1054 2984 1149 3066 ῥῆσις.
1173 2981 1248 3064 μέρη
1275 2981 1308 3045 δὲ
1331 2986 1531 3064 παραβάσεως
1555 2983 1636 3045 ἑπτά·
1662 2982 1779 3053 ἑπτάκις

546 3097 603 3180 γάρ
627 3096 643 3160 ό
667 3098 755 3180 χορὸς
779 3095 914 3178 ιὀρχεῐτο,
937 3095 1061 3159 ἐπειδάν
1085 3097 1126 3168 είς
1149 3095 1206 3174 τῆν
1230 3094 1397 3178 ὀρχήστραν
1421 3097 1587 3179 εἰσήρχετο,
1610 3094 1651 3176 ἣν
1676 3093 1780 3174 δήκαὶ

526 3218 667 3293 ’λογεῖον
699 3216 855 3274 καλοῦσιν.
886 3207 906 3290 ή
930 3208 985 3290 μέν
1009 3203 1067 3272 ούν
1091 3212 1195 3292 πρώτη
1218 3209 1341 3291 ὄρχησις
1364 3212 1532 3290 κομμάτιον
1556 3208 1688 3291 ἐλέγετο,
1711 3205 1730 3287 ή
1753 3203 1781 3268 δὲ

546 3324 670 3407 δευτέρα
693 3326 866 3406 παράβασις
890 3322 1059 3404 δμωνύμως
1080 3335 1119 3408 τῷ
1140 3323 1220 3405 γένει
1241 3323 1372 3386 έκαλεῖτο
1393 3323 1455 3396 (καί
1473 3322 1531 3407 γάρ
1551 3324 1584 3385 τὸ
1603 3324 1677 3386 δλον
1698 3331 1780 3385 τοῦτο

546 3440 756 3522 έπτάστροφον
788 3449 886 3520 σχῆμα
917 3440 1089 3521 παράβασις
1121 3438 1279 3518 έκαλεῖτο),
1312 3436 1331 3517 ἡ
1363 3436 1397 3500 δὲ
1427 3440 1510 3520 τρίτη
1540 3439 1673 3519 μακρόν,
1705 3435 1724 3516 ἡ
1751 3432 1779 3496 δὲ

548 3556 671 3637 τετάρτη
703 3555 768 3642 ξοδὴ
797 3553 849 3616 καί
880 3554 1007 3635 στροφή,
1029 3550 1049 3633 ἡ
1073 3549 1106 3615 δέ
1129 3552 1249 3633 πέμπτη
1280 3553 1439 3634 ἐπίρρημα,
1468 3550 1488 3632 ἡ
1512 3550 1545 3614 δὲ
1567 3550 1637 3631 έκτη
1661 3549 1779 3638 άντῳδὴ

548 3668 599 3731 καί
629 3666 843 3750 ἀντίστροφος,
872 3665 892 3748 ἡ
916 3664 950 3728 δέ
973 3665 1089 3747 ἑβδόμη
1113 3665 1327 3748 άντεπίρρημα.
1352 3666 1498 3728 εἰσελθὼν
1518 3657 1575 3728 οὖν
1596 3663 1612 3727 ό
1631 3666 1721 3746 χορὸς
1744 3663 1779 3735 εἰς

547 3783 602 3863 τὴν
622 3780 789 3864 ὀρχήστραν
809 3780 926 3860 μέτροις
946 3779 1006 3842 τισί
1026 3778 1169 3862 διελέγετο
1186 3785 1248 3852 τοῖς
1260 3779 1436 3861 ὑποκριταῖς
1448 3780 1501 3841 καλ
1511 3779 1586 3860 πρὸς
1598 3778 1654 3857 τῆν
1666 3777 1780 3858 σκηνήν

547 3894 626 3978 έύρα
645 3905 697 3975 τῆς
716 3895 885 3981 κωμῳδίας.
905 3891 944 3954 ἂν
963 3884 1021 3954 ούν
1041 3891 1081 3966 ὡς
1105 3892 1137 3953 ἐκ
1157 3895 1270 3966 πόλεως
1290 3892 1406 3973 έβάδιζε
1426 3894 1502 3973 πρὸς
1520 3892 1553 3954 τδ
1572 3891 1717 3974 θέατρον,
1736 3890 1779 3952 διά

548 4019 601 4088 τῆς
632 4008 789 4092 άριστερᾶς
821 4006 933 4086 άψῖδος
962 4006 1096 4088 έβαινεν,
1124 4004 1163 4067 διν
1195 4003 1223 4067 δ’
1257 4005 1297 4080 ὡς
1321 4003 1370 4068 ἀπ’
1396 4006 1507 4088 άγροῦ,
1525 4005 1577 4067 διά
1599 4014 1652 4085 τῆς
1676 4008 1779 4080 δεξιάς·

548 4122 833 4205 τετραγωνιζόμενός
864 4145 894 4183 τε
917 4118 934 4182 δ
957 4119 1045 4202 χορός
1068 4121 1143 4201 πρὸς
1167 4121 1281 4199 μόνους
1304 4119 1381 4200 έάρα
1404 4120 1475 4194 τοὺς
1498 4120 1672 4201 ὑποκριτάς
1698 4117 1780 4180 ἀπελ-

584 4341 602 4404 ι)
618 4352 661 4393 τοῦ
677 4346 793 4410 γεωργοῦ]
810 4354 914 4412 γεωργοῦ
932 4354 974 4394 τοῦ
991 4350 1067 4410 δγροῦ
1084 4349 1213 4407 expunoto
1231 4353 1335 4410 γεωργοῦ
1353 4344 1427 4392 codd.

584 4422 609 4486 λ)
626 4429 724 4484 θωμούς
739 4427 842 4487 Νιῡολι]
860 4429 946 4490 άρτους
962 4428 1004 4474 vel
1018 4431 1119 4488 ψωμούς
1139 4426 1215 4474 oodd.

585 4499 606 4567 ²)
623 4504 798 4569 διθυραμβικοί
814 4507 912 4567 Bergk]
931 4513 1005 4569 -μβοι,

583 4578 605 4641 ⁴)
623 4583 696 4640 Quae
719 4586 746 4631 in
769 4585 902 4644 §29—81
926 4586 1052 4644 leguntur
1074 4585 1154 4632 etiam
1178 4583 1204 4629 in
1229 4583 1248 4628 V
1272 4585 1334 4629 sunt
1357 4584 1480 4640 excerpta
1502 4593 1562 4640 pag.
1586 4580 1721 4627 leo-182
1738 4576 1776 4636 §1

551 4664 579 4708 et
596 4666 621 4719 ι,
639 4664 687 4710 τεο
705 4649 746 4723 τε.
764 4665 779 4724 ς
797 4667 821 4712 ι.

583 4737 603 4800 ¹)
620 4744 735 4806 χορικῶν]
753 4753 833 4808 χορσν
851 4745 940 4801 οοδδ.;
960 4746 993 4793 σί.
1011 4747 1164 4804 exoerptum
1185 4744 1212 4790 in
1228 4742 1250 4790 V
1267 4754 1326 4802 pag.
1345 4742 1393 4788 182
1416 4743 1460 4798 §4
1479 4743 1506 4786 et
1523 4741 1644 4798 anonymi
1663 4737 1779 4796 excerpta

550 4833 609 4880 pag.
630 4823 678 4869 104
695 4823 710 4883 5
726 4825 751 4870 ῦ.
