4067 5950
1219 753 1351 815 340
2103 771 2187 816 nn
2233 770 2452 816 muru
2496 771 2800 817 nummo·

1394 941 1559 1003 Aah.
1609 942 1761 1003 802.

1486 1090 1568 1101 -
1615 1057 1675 1116 τί
1718 1057 1825 1117 δαί
1835 1079 1853 1130 ;
1900 1058 2205 1137 φιβάλεως
2254 1057 2537 1137 ἰσχάδαςς
2587 1091 2669 1102 -
2717 1058 2821 1118 κοῒ
2859 1060 2973 1119 κοΐ.

1484 1174 1593 1243 [-
1642 1171 1716 1230 τί
1775 1171 1941 1248 δαί,
2002 1180 2203 1232 σῦκα
2263 1172 2601 1252 τρώγοις
2661 1169 2753 1232 ἂν
2815 1172 3082 1246 αὐτός-ς
3152 1172 3282 1233 κοῒ
3332 1173 3478 1244 not]
3729 1208 3732 1239 ;

1212 1285 1573 1347 simillima
1612 1285 1761 1347 belli
1808 1286 2007 1348 huius
2044 1302 2310 1364 versae,
2354 1302 2554 1361 quem
2603 1288 2905 1348 additum
2947 1286 3220 1363 praebet
3240 1286 3314 1362 R,
3343 1288 3439 1347 est
3457 1285 3614 1359 origo.
3728 1250 3732 1345 ἶ

1210 1401 1463 1475 Nempe
1502 1400 1583 1460 ad
1623 1399 1927 1479 φιβάλεως
1966 1401 2110 1462 sive
2154 1379 2398 1477 ,σῦκα”
2445 1404 2676 1463 mente
2721 1402 3165 1477 supplendum
3203 1416 3349 1461 esse
3387 1399 3614 1477 ,τρώγοις
3730 1408 3732 1444 ῑ

1209 1510 1331 1571 ἄν”
1373 1514 1723 1575 annotavit
1762 1512 1922 1574 olim
1962 1515 2293 1590 interpres
2323 1515 2595 1590 aliquia,
2637 1529 2808 1588 quae
2845 1514 2914 1573 in
2936 1514 3319 1574 trimetrum
3345 1516 3617 1585 utcunque

1211 1627 1563 1688 coniuncta
1606 1630 1767 1689 sunt
1812 1627 2437 1703 interpretamenta.

1389 1741 1554 1803 Aah.
1604 1742 1758 1804 927.

1480 1853 1585 1925 δός
1632 1877 1735 1931 μοι
1781 1854 2077 1935 φορυτόν,
2119 1850 2191 1914 ἵν’
2244 1854 2435 1916 αὐτὸν
2482 1852 2744 1933 ένδήσας
2792 1851 2973 1933 φέρω.

1481 1966 1757 2045 [ὥσπερ
1819 1966 2204 2045 κέραμον,
2264 1967 2393 2027 ῖνα
2457 1966 2554 2046 μὴ
2616 1978 2924 2052 καταγῇ
2986 1967 3514 2048 φορούμενος]

1387 2082 1551 2144 Nub.
1604 2083 1755 2144 331.

2278 2196 2591 2269 πλείστους
2636 2188 2817 2257 αὗται
2859 2196 3151 2276 βόσκουσι
3202 2192 3497 2272 σοφιστάς,

1473 2309 1973 2387 θουριομάντεις,
2020 2309 2433 2390 ἰατροτέχνας,
2480 2311 2937 2392 σφραγιδονυχο
2949 2311 3352 2391 ργοκομήτας,

1469 2423 1736 2484 κυκλίων
1781 2445 1841 2484 τε
1885 2433 2086 2503 χορῶν
2134 2425 2645 2509 ᾀσματοκάμπτας
2657 2469 2675 2501 ,
2720 2422 2953 2506 ἄνδρας
3001 2422 3525 2502 μετεωροφένακας.

1476 2534 1738 2610 [οὐδὲν
1802 2539 2159 2617 δρῶντας
2230 2533 2610 2616 βόσκουσ’
2686 2537 3021 2619 ἀργούς,
3086 2538 3205 2599 ὅτι
3266 2539 3532 2606 ταύτας

3016 2649 3617 2730 μουσοποιοῦσι].

1382 2765 1549 2827 Nub.
1605 2767 1798 2828 1411.

1471 2876 1545 2938 οὐ
1593 2876 1694 2938 καὶ
1741 2875 1841 2956 ἐμὲ
1887 2878 1984 2939 σοὶ
2033 2879 2276 2942 δίκαιόν
2322 2879 2484 2941 ἔστιν
2531 2879 2773 2942 εὐνοεῖν
2818 2877 3076 2957 δμοίως;

1471 2992 1856 3069 [τύπτειν,
1911 2992 2349 3073 ἐπειδήπερ
2404 2990 2601 3056 τοῦτ’
2655 2992 2873 3055 ἐστὶν
2920 2993 3275 3071 εὐνοεῖν,
3319 2991 3393 3052 τὸ
3441 2990 3583 3050 τύπ-

1378 3106 1575 3181 VeSp.
1630 3107 1825 3169 1510.
3447 3100 3616 3168 τειν.]

1468 3214 1500 3278 ὁ
1548 3219 1917 3298 πιννοτήρης
1966 3212 2140 3292 οὗτός
2190 3219 2311 3281 ἐστι
2357 3230 2466 3282 τοῦ
2511 3219 2743 3303 γένους.

1469 3328 1526 3404 [ὁ
1588 3333 2157 3413 σμικρότατος,
2218 3331 2298 3407 ὃς
2360 3333 2498 3413 τὴν
2559 3334 3014 3420 τραγῳδίαν
3077 3338 3335 3406 ποιεῖ]

1376 3447 1531 3509 Pac.
1582 3448 1733 3509 269.

1463 3556 1718 3621 ἀπόλωλ’
1774 3562 2189 3641 Ἀθηναίοισιν
2236 3559 2640 3642 ἁλετρίβανος.

1468 3672 1524 3748 [ὁ
1586 3676 2137 3756 βυρσοπώλης,
2196 3671 2279 3750 ὃς
2343 3675 2584 3738 ἐκύκα
2646 3674 2790 3754 τὴν
2840 3671 3224 3748 ‘mucidam

1375 3791 1523 3851 Pac.
1576 3792 1731 3852 271.

1466 3895 1532 3963 εὖ
1580 3898 1653 3983 γ’,
1702 3894 1749 3961 ὦ
1791 3902 2010 3961 πότνια
2060 3897 2320 3963 δέσποιν’
2377 3902 2702 3981 Ἀθηναία,
2750 3911 2946 3963 ποιῶν

1462 4009 1720 4076 ἀπόλωλ’
1773 4012 1998 4087 ἐκεῖνος
2046 4013 2148 4075 καὶ
2195 4012 2260 4075 έν
2308 4013 2508 4075 δέοντι
2551 4025 2623 4099 τῇ
2671 4014 2859 4075 πόλει.

1351 4142 1357 4148 ’
1469 4126 1533 4207 [ἢ
1595 4129 1781 4206 πρίν
1836 4150 1918 4208 γε
1976 4126 2111 4188 τὸν
2173 4127 2584 4206 μυττωτὸν
2646 4111 2839 4206 ἡμῖν
2902 4125 3210 4207 ἐγχέαι]

1299 4256 1305 4262 ’
1374 4242 1525 4303 Pac.
1577 4243 1731 4303 416.

1461 4353 1561 4414 ναὶ
1609 4353 1692 4432 μὰ
1741 4354 1893 4413 Δία..
1926 4353 2080 4432 πρὸς
2129 4349 2316 4432 ταῦτ’,
2361 4346 2408 4414 ὦ
2454 4347 2575 4430 φίλ’
2617 4348 2848 4434 Ἑρμῆ,
2894 4354 3178 4431 ξύλλαβε,

1465 4463 1676 4546 [ἡμῖν
1736 4467 2174 4547 προθύμως
2235 4467 2475 4545 τήνδε
2535 4464 2668 4526 καὶ
2733 4464 3274 4539 ξυνέλκυσον.]

1460 4578 1562 4640 καὶ
1608 4579 1705 4640 σοὶ
1748 4580 1821 4641 τὰ
1867 4576 2067 4660 μεγάλ’
2118 4576 2292 4658 ἡμεῖς
2339 4575 2735 4657 Παναθήναι’
2787 4577 3010 4657 ἄξομεν

1377 4766 1394 4770 .,
1463 4689 1885 4773 [Μυστήρι’
1941 4690 2215 4778 Ἑρμῇ,
2276 4689 2663 4770 Διπόλει’,
2723 4693 3101 4765 ἈδώνιαΊ

1459 4809 1658 4880 πάσας
1704 4830 1763 4868 τε
1811 4805 1913 4879 τὰς
1960 4805 2146 4879 ἄλλας
2192 4806 2422 4880 τελετὰς
2470 4806 2572 4880 τὰς
2619 4816 2738 4867 τῶν
2785 4813 2970 4868 θεῶν.
