4067 5950
1083 813 1125 856 Du
1148 811 1273 858 soum

1152 1131 1211 1193 111.

608 1317 789 1379 Alcibiadis
831 1317 999 1379 accusatio
1035 1317 1210 1378 turbarum
1243 1318 1518 1382 tristissimarum
1552 1322 1616 1383 iuit
1650 1323 1790 1384 initium.

565 1431 625 1506 Qui
655 1434 830 1506 postquam
863 1429 984 1491 absens
1015 1433 1068 1491 est
1089 1430 1281 1507 damnatus,
1309 1465 1347 1474 -
1373 1447 1437 1494 uon
1461 1433 1551 1494 enim
1575 1435 1659 1496 satis
1682 1439 1790 1498 tutum

563 1548 704 1609 duxerat
727 1559 838 1606 coram
863 1543 1027 1605 iudicibus
1045 1558 1082 1604 se
1101 1543 1233 1622 sistere,
1249 1545 1403 1606 --libere
1422 1561 1479 1622 per
1498 1547 1614 1609 urbem
1634 1548 1791 1611 bacchata

564 1668 617 1722 est
647 1659 820 1721 hominum
853 1659 1063 1718 versutorum
1096 1657 1315 1735 impudentia,
1348 1659 1438 1735 vulgi
1468 1675 1548 1736 erga
1568 1661 1648 1723 deos
1670 1664 1792 1739 pietate

563 1775 704 1850 turpiter
726 1772 935 1833 abutentium
959 1771 1000 1831 ad
1024 1771 1232 1833 adversarios
1253 1773 1493 1848 opprimendos.
1518 1773 1602 1836 Nam
1626 1778 1791 1853 sacrilegii

563 1890 700 1951 crimine
732 1903 808 1949 cum
831 1886 1002 1948 Alcibiade
1026 1887 1123 1961 petiti
1146 1889 1225 1947 sunt
1248 1887 1476 1950 adolescentes
1498 1889 1633 1965 plurimi
1656 1906 1699 1952 ex
1722 1892 1790 1952 illu·

561 2002 740 2065 strissimis
782 2000 950 2077 gentibus,
994 2014 1134 2074 quarum
1176 2000 1306 2062 soboles
1347 2017 1404 2078 per
1437 2002 1516 2064 belli
1549 2005 1660 2066 varios
1694 2021 1790 2067 casus

562 2117 684 2178 misere
713 2117 786 2177 erat
816 2114 1006 2175 imminuta.
1038 2113 1178 2175 Pietatis
1201 2114 1355 2176 videlicet
1378 2131 1513 2177 summa
1534 2118 1789 2180 Atheniensium

559 2231 624 2291 luit
646 2228 737 2294 laus:
761 2243 846 2303 quae
867 2227 975 2302 pietas
997 2227 1163 2288 malorum
1188 2243 1277 2289 nunc
1296 2230 1522 2291 maximorum
1542 2231 1657 2293 extitit
1675 2247 1789 2308 causa;

560 2359 638 2405 nam
671 2343 758 2403 laete
783 2341 894 2401 floruit
918 2341 1100 2402 calumnia:
1128 2340 1336 2403 ditescebant
1363 2343 1538 2405 delatores.
1562 2344 1603 2404 ut
1625 2344 1791 2407 libertatis

560 2455 785 2519 amantissimi
815 2453 1040 2515 Athenienses
1071 2457 1181 2515 erant:
1214 2455 1295 2516 haec
1325 2471 1453 2531 quoque
1485 2472 1598 2518 eorum
1626 2458 1732 2519 virtus
1756 2460 1789 2519 in

560 2570 687 2631 malum
711 2569 778 2628 iam
802 2568 918 2643 vertit,
944 2583 1062 2628 ausam
1086 2569 1175 2629 enim
1198 2568 1348 2645 praebuit
1370 2584 1514 2644 nequam
1537 2571 1725 2633 hominibus
1748 2573 1789 2632 ad

559 2683 713 2744 inimicos
743 2695 823 2741 suos
854 2681 1080 2755 proterendos.
1103 2682 1264 2742 Iuvenum
1289 2682 1509 2758 petulantium
1533 2684 1707 2760 delictum,
1732 2687 1788 2758 qui

558 2801 631 2857 tum
657 2809 734 2855 cum
759 2809 827 2854 nox
851 2795 885 2853 et
914 2794 1030 2853 vinum
1062 2794 1143 2854 nihil
1167 2794 1368 2856 moderabile
1391 2796 1569 2857 suaderent
1592 2811 1611 2856 a
1635 2797 1789 2858 convivio

558 2910 735 2970 redeuntes
758 2907 948 2969 baculorum
973 2906 1158 2984 periculum
1181 2908 1331 2969 fecerunt
1352 2909 1386 2968 iu
1408 2908 1536 2969 hermis
1559 2907 1714 2985 publicis,
1739 2909 1789 2971 ita

557 3023 662 3085 crevit
685 3023 717 3082 in
742 3038 797 3082 ore
820 3021 1011 3082 tabularum
1036 3020 1259 3096 improborum
1279 3024 1317 3082 ut
1336 3022 1487 3097 religioni
1506 3023 1540 3083 et
1551 3022 1696 3083 libertati
1707 3024 1787 3084 insi·

556 3138 628 3197 dias
663 3135 824 3210 quasdam
855 3135 941 3195 strui
971 3135 1225 3209 persuaderetur
1254 3134 1354 3211 vulgo
1378 3136 1511 3197 civium.
1540 3136 1682 3196 Facinus
1702 3136 1787 3198 illud

553 3253 591 3311 ut
621 3252 717 3325 turpe
740 3250 788 3309 sic
811 3248 1001 3310 excusabile
1025 3250 1059 3308 in
1082 3248 1130 3309 rei
1153 3249 1305 3323 publicae
1328 3250 1524 3311 evertendae
1547 3265 1708 3312 conamen
1731 3251 1786 3312 vel

554 3362 767 3442 praesagium
793 3394 833 3404 —
858 3361 1047 3436 malignone
1070 3362 1180 3437 magis
1204 3376 1245 3421 au
1270 3362 1434 3423 absurde?
1461 3396 1496 3403 -
1524 3366 1577 3424 est
1604 3366 1786 3425 mutatum.

599 3480 736 3552 Iamque
771 3475 1002 3552 ,sacrilegium
1035 3477 1068 3535 ot
1094 3476 1329 3550 tyrannidem”
1353 3478 1466 3538 omnia
1488 3478 1632 3539 Athenis
1655 3494 1785 3539 resona-

553 3593 644 3656 bant.
669 3591 794 3664 Nempe
817 3588 1004 3664 tyrannidis
1027 3588 1272 3649 invisissimum
1296 3588 1377 3650 illud
1400 3605 1521 3651 nomen
1545 3592 1630 3652 satis
1652 3591 1786 3652 valebat

553 3706 593 3766 ad
621 3707 771 3765 mentem
795 3702 918 3762 civium
942 3702 1010 3762 iam
1035 3716 1092 3776 per
1116 3717 1223 3763 annos
1247 3702 1435 3777 complures
1458 3704 1492 3763 iu
1516 3703 1687 3764 Alcibiade
1706 3704 1785 3765 alte·

552 3834 627 3879 rum
670 3816 883 3875 Pisistratum
926 3814 1105 3874 veritorum
1140 3816 1275 3890 penitus
1314 3816 1584 3877 conturbandam.
1622 3815 1785 3891 „Deorum

555 3933 671 4010 ,signa
708 3944 767 4004 per
795 3927 903 3988 noctis
937 3926 1108 3988 silentium
1144 3928 1229 3989 clam
1265 3928 1422 3988 mutilata
1456 3928 1593 3990 maioris
1627 3930 1785 3990 audaciae

556 4045 697 4122 ,habere
731 4041 952 4116 promissum
987 4040 1193 4101 Alcibiadem
1225 4042 1390 4116 huiusque
1425 4041 1584 4118 asseclas,
1610 4041 1783 4103 hominum

556 4157 789 4234 ,factiosorum
824 4154 1023 4229 flagitiisque
1062 4157 1290 4230 coopertorum
1329 4169 1468 4215 manum
1506 4154 1783 4232 perditissimam,

556 4272 607 4347 ,id
627 4268 736 4329 scelus
755 4267 973 4340 sustinuisse;
1000 4266 1033 4325 ri
1053 4268 1088 4326 et
1107 4266 1184 4327 telis
1204 4268 1259 4341 qui
1280 4268 1413 4328 hermae
1437 4268 1650 4342 petivissent,
1677 4268 1784 4343 ipsam

555 4398 655 4460 ,mox
678 4381 846 4442 civitatem
871 4380 1049 4455 petituros,
1082 4394 1136 4439 res
1166 4379 1332 4440 humanas
1364 4395 1467 4453 aeque
1498 4393 1536 4439 ac
1558 4378 1690 4439 divinas
1713 4380 1782 4440 vili·

555 4494 830 4572 ,pendentes”...
850 4493 935 4552 Nam
965 4492 1171 4552 multitudini
1194 4493 1369 4567 imperitae
1393 4493 1469 4567 quid
1493 4507 1558 4552 non
1582 4493 1784 4566 persuadent

552 4608 802 4670 concionatores
826 4604 981 4680 improbi,
1013 4619 1089 4664 cum
1113 4605 1217 4678 ipsius
1241 4606 1421 4668 virtutibus
1444 4606 1626 4667 abutuntur
1649 4605 1690 4666 ad
1714 4622 1782 4668 sce·

550 4723 636 4783 leste
658 4735 719 4781 sua
741 4719 882 4779 consilia
904 4718 1106 4792 exequenda.
1128 4718 1272 4794 Quorum
1292 4721 1465 4781 mendacia
1487 4735 1551 4793 quo
1569 4723 1649 4781 sunt
1669 4721 1780 4781 absur-

552 4836 644 4896 diora
667 4834 702 4892 et
723 4830 979 4907 impudentiora‚
1004 4846 1042 4891 eo
1065 4830 1195 4891 facilius
1217 4828 1317 4892 fidem
1340 4831 1524 4893 inveniunt.
