4067 5950
548 775 611 846 102
1062 790 1104 836 un
1128 789 1254 835 1111111

545 961 631 1023 odio.
661 962 725 1022 Sed
756 961 841 1036 quod
870 959 1051 1022 mulierum
1083 961 1123 1020 ab
1157 960 1310 1036 Euripide
1350 961 1559 1022 induciarum
1599 959 1710 1020 studia
1747 959 1782 1018 11

545 1076 615 1137 tata
648 1075 754 1137 multo
788 1075 932 1136 vividius
966 1089 1067 1149 quam
1097 1074 1243 1135 virorum
1275 1077 1426 1136 nostrum
1456 1073 1580 1136 feriunt
1611 1073 1782 1146 animum,

544 1191 631 1264 quod
653 1189 856 1250 Alcestidem
876 1189 1081 1250 admiramur
1100 1190 1133 1249 et
1152 1203 1361 1264 veneramur,
1381 1187 1563 1249 Phaedram
1585 1189 1617 1248 et
1630 1186 1781 1248 Medeam

544 1305 614 1364 toto
645 1303 740 1364 corde
763 1303 971 1378 miseramur,
995 1301 1131 1362 Admeti
1154 1317 1231 1364 vero
1255 1303 1472 1376 quantumvis
1495 1301 1669 1377 hospitalis
1692 1299 1783 1361 dolo·

545 1432 614 1478 rem
629 1419 686 1478 aut
698 1415 867 1492 Hippolyti
878 1415 1109 1477 castimoniam
1125 1416 1306 1477 clamosam
1315 1429 1433 1492 parum
1446 1430 1612 1492 curamus,
1625 1415 1782 1476 Iasonem

545 1533 659 1593 autem
681 1531 815 1605 penitus
837 1530 1099 1606 contemnimus,
1122 1529 1155 1592 id
1179 1529 1263 1590 satis
1286 1531 1399 1605 aperte
1422 1530 1516 1591 docet
1533 1531 1573 1591 ab
1593 1532 1669 1590 utra
1686 1531 1783 1604 parte

547 1646 617 1721 ipse
641 1643 774 1706 steterit
797 1644 904 1719 poeta.

592 1757 654 1819 Sed
676 1757 715 1818 de
735 1758 888 1834 Euripide
907 1758 1086 1819 mulierum
1106 1759 1211 1820 vitam
1230 1759 1321 1820 omni
1333 1760 1457 1821 mentis
1469 1757 1622 1820 acumine
1634 1755 1783 1818 adhibito

546 1877 580 1935 et
602 1871 764 1948 singulari
788 1887 866 1933 cura
888 1871 1026 1933 rimanti
1044 1873 1144 1934 etiam
1163 1873 1197 1934 in
1217 1872 1318 1938 aliam
1338 1875 1468 1949 partem
1487 1872 1595 1948 potuit
1606 1870 1781 1946 disputari.

546 1987 618 2048 Non
648 2000 728 2048 sane
757 1985 860 2046 seriol
892 1986 977 2046 liam
1008 1985 1131 2048 nimiae
1162 1986 1282 2048 inisset
1306 1985 1485 2062 stultitiae,
1509 1997 1724 2059 quaecunque
1747 1983 1783 2041 in

545 2100 663 2175 tragici
702 2099 824 2161 tabulis
865 2100 905 2160 de
947 2114 1032 2160 sexu
1075 2099 1231 2160 debiliore
1265 2100 1452 2175 malignius
1489 2098 1687 2173 dicerentur,
1722 2111 1783 2172 pro

544 2212 649 2289 ipsius
679 2215 796 2288 poetae
822 2212 933 2273 verbis
964 2228 1006 2273 ex
1038 2213 1142 2274 animi
1172 2213 1339 2275 sententia
1369 2214 1471 2274 locuti
1501 2212 1628 2287 afferre,
1660 2209 1782 2284 quihus

547 2342 645 2388 suam
676 2327 710 2386 in
742 2326 900 2388 mulieres
931 2330 1102 2387 evomeret
1125 2327 1224 2403 iram,
1249 2327 1476 2402 coniugaiibus
1499 2326 1658 2387 nimirum
1682 2322 1785 2384 malis

549 2441 777 2503 exacerbatus.
802 2441 862 2517 Qui
885 2456 964 2502 1111
987 2441 1219 2516 petulantioris
1241 2441 1365 2517 ingenii
1387 2444 1477 2503 esset
1499 2440 1673 2515 cachinno,
1697 2437 1782 2499 iliud

548 2558 665 2630 poetae
696 2555 844 2616 studium
875 2555 1018 2616 ludibrio
1050 2555 1170 2616 habere
1201 2555 1297 2616 facile
1320 2555 1442 2631 potuit,
1468 2554 1499 2614 id
1523 2554 1607 2628 quod
1631 2552 1783 2613 maxima

549 2684 626 2730 oum
649 2668 803 2729 libertate
825 2668 904 2730 iecit
922 2668 1174 2744 Aristophanes,
1197 2684 1276 2744 erga
1298 2669 1467 2729 hominem
1486 2681 1598 2728 rerum
1617 2681 1783 2728 noverum

549 2782 583 2843 11
614 2782 740 2842 artibus
770 2782 899 2857 poetica
928 2785 1029 2856 atque
1059 2782 1186 2843 musica
1219 2783 1429 2858 appetentem
1460 2780 1641 2856 quemlibet
1668 2781 1782 2841 iocum

549 2909 745 2957 concessum
768 2895 833 2956 eibi
856 2898 961 2960 ratus.

1126 3259 1196 3321 VII.

592 3463 705 3524 Novae
729 3463 831 3538 igitur
854 3463 987 3526 fabulae
1010 3464 1185 3524 materiem
1209 3463 1424 3539 Aristophani
1442 3463 1593 3538 praebuit
1611 3464 1785 3539 Euripides

549 3576 729 3638 mulierum
753 3592 840 3639 osor.

593 3688 693 3752 Euius
715 3689 845 3752 tabulae
869 3691 910 3751 ad
934 3690 1108 3752 Mulierum
1131 3690 1212 3752 iliud
1234 3690 1420 3752 Divortium
1445 3691 1661 3753 1111111111
1683 3691 1782 3767 11111,

548 3819 630 3878 quae
663 3807 714 3865 est
750 3790 941 3867 dramatum
976 3806 1198 3879 satyricorum
1233 3806 1273 3866 ad
1307 3804 1510 3880 tragoediam
1545 3820 1657 3866 meros
1690 3805 1783 3866 enim

547 3919 638 3980 11111
661 3918 805 3980 habebat
829 3922 904 3994 post
926 3918 1017 3980 iilius
1041 3918 1171 3980 fabulae
1194 3919 1437 3981 sanctissimam
1461 3920 1674 3995 gravitatem.
1697 3919 1784 3979 Nam

547 4047 649 4109 grave
678 4033 823 4108 profecto
853 4032 973 4108 prioris
999 4032 1130 4095 tabulae
1153 4033 1259 4095 fuerat
1282 4034 1535 4108 argumentum;
1559 4032 1593 4093 in
1616 4047 1682 4107 qua
1703 4032 1784 4092 licet

547 4147 671 4215 effrena
693 4146 948 4208 lasciviaomni
970 4148 1100 4209 abiecto
1122 4148 1245 4223 pudore
1268 4150 1454 4224 regnasset,
1475 4161 1640 4220 nusquam
1664 4148 1782 4207 tamen

547 4276 567 4321 a
597 4262 696 4335 poeta
726 4262 852 4322 comico
883 4263 1072 4337 neglectum
1101 4263 1209 4323 iuerat
1232 4278 1429 4339 generosum
1454 4277 1571 4339 pacem
1594 4265 1627 4322 et
1650 4276 1781 4323 concor·

547 4374 635 4435 diam
660 4375 913 4437 commendandi
932 4376 1119 4438 consilium.
1140 4378 1177 4437 In
1197 4377 1550 4453 Thesmophoriazusis
1573 4393 1651 4438 vero
1669 4377 1784 4438 fabula

546 4488 625 4548 serii
663 4488 746 4549 nihii
786 4490 911 4564 agitur:
956 4490 1081 4551 ridetur
1116 4492 1266 4564 tantum;
1301 4490 1423 4551 doloris
1458 4490 1580 4565 aliquid
1615 4506 1692 4551 oum
1728 4493 1782 4553 ad·

546 4600 716 4678 miscetur,
749 4603 790 4664 ad
820 4618 925 4664 novos
955 4604 1044 4665 iocos
1075 4605 1165 4665 viam
1196 4605 1261 4665 sibi
1290 4608 1387 4680 parat
1416 4607 1526 4681 poeta,
1559 4620 1597 4665 eo
1624 4604 1782 4667 clariores
1816 4656 1819 4669 ,

545 4729 627 4775 mox
658 4717 837 4777 cachinnos
867 4717 1088 4795 excitaturus,
1121 4718 1201 4778 dum
1232 4721 1466 4793 argumentum
1495 4718 1659 4779 ludicrum
1683 4720 1782 4780 novis

546 4845 679 4905 semper
709 4831 855 4892 inventis
886 4839 1040 4909 exornat,
1066 4847 1206 4909 quorum
1231 4831 1318 4893 aliud
1344 4832 1407 4893 aiio
1433 4834 1484 4892 est
1506 4831 1670 4893 festivius.
