4067 5950
662 726 703 771 nn
727 723 836 769 rnxro
858 723 1012 768 ποιοῖτο.
1388 704 1452 764 327

263 901 372 961 Etiam
406 900 521 961 versui
551 899 629 973 Lys.
661 897 727 957 449
759 894 944 956 remedium
968 895 1036 955 iam
1061 895 1113 955 est
1134 895 1302 969 peretum.
1326 889 1459 952 clamat

222 1013 397 1090 probulus:

442 1125 524 1202 οἴμοι
547 1122 756 1201 κακοδαίμων·
780 1116 939 1182 λπιλίλοιτί
968 1117 984 1180 δ
1015 1118 1189 1197 τοξότης.

264 1254 316 1314 Sic
347 1253 389 1330 R,
413 1252 448 1313 in
472 1254 502 1309 Γ
520 1252 635 1312 eutem
660 1252 714 1311 est
737 1242 910 1325 ἐπιλέλοιφ’,
932 1248 1018 1322 quod
1041 1245 1287 1323 perediorthosi
1310 1246 1458 1319 debetur,

223 1383 296 1427 nam
320 1367 434 1427 littera
456 1385 479 1423 π
505 1365 573 1425 veri
597 1363 757 1425 indicium
780 1363 903 1424 servet.
928 1361 1001 1422 Non
1026 1357 1042 1420 δ
1066 1359 1188 1437 τοξότης
1210 1360 1269 1421 sed
1293 1358 1325 1419 ολ
1340 1358 1457 1432 τοξόται
1569 1369 1573 1377 ·

223 1479 395 1554 probulum
438 1479 704 1553 dereliquerunt3
739 1478 825 1551 quod
860 1477 909 1537 sio
943 1476 1061 1552 opinor
1095 1474 1182 1535 dixit
1215 1473 1272 1534 ille
1305 1474 1459 1534 trimetro

223 1594 426 1668 subtragioo:

444 1706 528 1784 οἴμοι
550 1705 757 1783 κακοδαίμων·
782 1702 991 1765 ἐπιλέλοιπεν
1023 1700 1039 1763 δ
1071 1702 1244 1781 στρατός.

729 1813 741 1844 ἱ

225 1889 305 1949 Olim
329 1888 395 1949 ruit
419 1885 608 1948 ἐπιλέλοιπεν
632 1821 654 1947 δι
671 1814 808 1966 δίδατός.

264 2003 374 2076 Neque
410 2005 537 2064 temere
570 2003 714 2063 fortusse
751 2035 790 2045 -
826 2002 985 2077 fortasse,
1021 2001 1173 2075 inquam,
1209 2013 1288 2059 nem
1322 1999 1458 2060 tolerari

225 2121 327 2192 potest
357 2117 457 2178 leotio
489 2116 610 2177 tradita
642 2148 684 2156 -
715 2116 904 2190 suspicetur
928 2115 1095 2190 quispiam
1121 2128 1238 2173 vocem
1270 2112 1457 2189 δυνάμει,

225 2247 302 2305 quae
325 2231 411 2291 Plut.
437 2231 503 2291 449
531 2245 689 2291 numeros
718 2230 862 2305 tragicos
886 2229 1052 2304 debilitat,
1076 2243 1141 2288 non
1165 2228 1283 2304 poetae
1306 2242 1381 2287 esse
1400 2228 1458 2287 sed

227 2345 426 2421 interpretis,
452 2345 533 2406 olim
557 2346 647 2406 enim
670 2343 792 2405 fuisse:

792 2442 889 2500 δυνάμει

444 2512 544 2585 ποίοις
568 2511 707 2573 ὅπλοισιν
731 2508 751 2591 ἢ
781 2512 917 2591 κράτει
948 2511 1140 2582 πεποιθότες.

267 2643 414 2704 Addstur
432 2641 665 2717 pronominum
687 2654 753 2700 non
776 2639 884 2701 solum
909 2639 1079 2700 inutilium
1106 2637 1163 2698 sed
1188 2641 1221 2698 et
1245 2637 1363 2699 vicinis
1386 2652 1457 2711 per·

172 2766 174 2825 5
228 2758 420 2817 nicioeorum
446 2754 636 2830 exemplum
662 2768 767 2814 unum
791 2755 826 2815 et
847 2753 1009 2815 alterum:

309 2869 396 2930 Plut.
425 2868 521 2929 1042.

442 2992 616 3072 ἀσπάζομαί
638 3011 677 3054 σε
702 2992 798 3073 φησίν
820 2992 929 3072 ἀρχαία
953 2995 1037 3072 φίλη·

443 3107 533 3169 πολιδι
556 3105 717 3188 γεγίνησαι
740 3105 798 3169 κτὲ.

228 3235 271 3295 Sic
298 3250 363 3296 uno
394 3237 511 3296 tenore
541 3235 584 3311 R,
615 3235 711 3309 qussi
735 3237 857 3296 ounota
879 3234 963 3295 haee
987 3235 1087 3296 verba
1111 3235 1181 3295 sint
1203 3236 1346 3296 iuvenis.
1372 3234 1455 3310 Quid

230 3351 391 3424 scripserit
421 3351 521 3426 poeta
550 3349 695 3410 fortasse
725 3350 947 3424 nesciremus,
974 3365 1120 3410 -nem
1151 3353 1187 3410 ut
1219 3349 1380 3426 lepidum,
1408 3349 1457 3409 ita

232 3461 385 3525 difficilius
407 3464 549 3525 inventu
574 3464 715 3539 videtur,
742 3497 783 3508 —
808 3464 874 3524 nisi
898 3464 931 3524 in
954 3464 982 3521 V
1006 3467 1097 3525 esset
1116 3466 1307 3524 servatum:

397 3592 468 3649 NE.
492 3588 674 3665 ἀσπάζομαι.
698 3592 755 3648 ΓΡ.
781 3589 818 3648 τί
840 3605 954 3667 φησιν;
978 3592 1049 3648 ΝΕ.
1073 3587 1182 3668 ἀρχαία
1206 3588 1280 3667 φίλη
1303 3585 1360 3648 κτλ.

269 3717 303 3775 In
321 3717 483 3777 Aritium
500 3733 564 3791 quo
583 3716 729 3777 iniectus
748 3719 802 3777 est
821 3716 850 3776 R
872 3730 1016 3796 nascens
1041 3717 1204 3790 comitum
1224 3716 1327 3777 hebet
1346 3716 1454 3776 enim:

235 3825 394 3907 ἀσπάζομαί
423 3846 479 3889 σε.
510 3830 547 3888 τί
577 3826 633 3889 κτλ.

311 3943 406 4019 Vesp.
435 3944 519 4005 1071
546 3960 595 4018 sq.
622 3942 658 4004 Si
680 3945 751 4017 pute
773 3947 924 4019 vestrum,
950 3942 1072 4004 chorus
1095 3945 1156 4019 ait,

532 4070 685 4147 θαυμάζει
708 4064 734 4148 μ’
762 4067 843 4147 δρῶν
867 4067 959 4147 μέσον
982 4067 1231 4147 διεσφηκωμένον

440 4181 461 4261 ἦ
484 4207 528 4257 τις
558 4180 667 4262 ἡμῶν
697 4182 779 4244 ἐστιν
801 4181 929 4262 ηπίνοια
952 4193 1005 4262 της
1029 4182 1226 4263 ἐγκεντρίδος.

172 4327 175 4396 3
238 4306 280 4366 Sic
305 4309 340 4370 R.
371 4311 409 4369 In
434 4310 462 4369 V
486 4313 575 4371 recte
607 4315 658 4370 est
682 4309 762 4388 ἥτις,
785 4311 908 4372 vitiose
931 4311 1116 4387 θαυμάζειν,
1140 4312 1173 4370 in
1196 4310 1317 4371 ultima
1340 4313 1454 4370 autom

239 4434 304 4480 vore
336 4426 507 4484 turbatum
544 4428 610 4499 est,
647 4440 725 4486 nem
761 4427 854 4501 prius
888 4426 953 4486 fuit
991 4422 1078 4501 ἡμῶν
1113 4424 1214 4503 τρίδος
1253 4425 1293 4493 (si
1335 4425 1455 4485 duetus

175 4615 176 4618 Ἴ
239 4530 426 4598 oblitteratos
457 4540 547 4599 reete
570 4539 797 4613 interpretor),
822 4539 898 4599 dein
922 4539 1076 4613 κεντρίδος
1100 4544 1176 4607 (non
1200 4536 1399 4616 ἐγκεντρίδος)
1422 4540 1456 4600 id

172 4637 176 4727 ξ
240 4648 280 4702 est
299 4648 428 4710 factum.
455 4651 578 4711 Verum
602 4653 752 4712 restituit
775 4652 931 4726 Bentley:

442 4775 506 4852 ἥτις
530 4773 609 4836 ἐστίν
632 4772 651 4854 ἡ
676 4775 796 4836 ἐπίνοια
824 4777 1002 4853 (τῆσδε)
1030 4784 1081 4853 τῆς
1105 4773 1301 4854 ἐγκεντρίδος.
