4067 5950
679 722 721 766 nn
745 718 852 766 ruxnn
876 720 1031 765 ananim.
1406 703 1471 764 819

246 889 310 957 loco
339 894 511 955 revocavit
540 892 574 953 id
603 891 690 967 quod
721 906 827 952 unum
857 891 923 952 iert
946 891 1127 952 contextus
1151 892 1186 951 et
1209 890 1309 951 dictio
1334 890 1476 951 comica:

247 1005 544 1085 ἐξανθισμέναι.
574 1006 680 1067 ilccie
709 1006 830 1082 cupillis
859 1020 1027 1080 croceoque
1056 1007 1133 1065 vecte
1161 1005 1314 1076 eedemm,
1346 1005 1476 1065 comtae

247 1125 339 1197 atque
362 1122 512 1184 ornatae.

329 1238 408 1311 Lyfl.
433 1236 511 1297 553.

552 1340 614 1430 κᾷτ’
641 1342 779 1426 ἐντδξη
800 1342 926 1406 τδτανον
950 1344 1079 1425 τερπνὸν
1104 1341 1163 1405 κτὲ.

248 1464 399 1538 Hirscnig
421 1477 541 1524 verum
565 1459 715 1523 restituit
737 1458 918 1544 ἐνστάξη,
943 1461 1029 1535 quod
1053 1475 1121 1521 non
1144 1458 1291 1520 multum
1315 1458 1349 1519 in
1371 1459 1478 1520 minu·

246 1577 333 1637 scula
356 1576 555 1652 praesertim
578 1575 773 1637 litteratura
795 1575 964 1650 discrepat
986 1588 1006 1634 a
1027 1573 1151 1634 litteris
1175 1572 1322 1634 traditis.

285 1691 367 1751 Ran.
394 1691 491 1751 1073.
519 1688 601 1750 Olim
627 1723 666 1734 -
693 1689 881 1765 Aeschylus
905 1689 1015 1749 ait-
1042 1687 1177 1763 remtpea

329 1801 387 1864 οὖν
410 1796 565 1880 ἠπίσταντ’
591 1796 650 1862 ἀλλ’
677 1798 698 1881 ἢ
721 1803 820 1881 μᾶζαν
842 1797 1011 1861 ιιαλάσαι
1034 1796 1086 1860 aui
1109 1797 1277 1879 ῥυππαπαῖ
1295 1797 1399 1859 εἰπεῖν.

246 1917 457 1978 Probabiliter
468 1916 695 1977 vHerwerden
708 1914 815 1993 νάψα
824 1938 844 1975 ι.
856 1948 898 1957 -
913 1914 954 1975 At
966 1930 1054 1976 nunc
1064 1948 1104 1959 -
1114 1913 1223 1991 pergit
1234 1912 1424 1989 Aeschylus
1434 1946 1475 1957 —

244 2031 316 2092 urbe
337 2034 450 2092 ποωνσ

552 2139 817 2223 ὑπογραμματέων
840 2139 1039 2222 ἀνεμεστώθη

398 2269 462 2319 lose
553 2255 605 2317 τιαδ
628 2256 814 2336 βωμολόχων
838 2257 1077 2335 δημοπιθήκων,

555 2368 786 2444 [ἐξαπατώντων
810 2370 862 2431 τὸν
887 2371 986 2449 δῆμον
1010 2368 1076 2443 det]

553 2485 698 2564 inpudice
722 2480 750 2546 δ’
775 2478 965 2558 οδδτλςολός
988 2508 1018 2547 τε
1043 2483 1183 2563 φέρειν

600 2595 649 2660 ὑπ’
677 2597 869 2680 ἀγυμνασίας
892 2598 933 2660 ἔτι
958 2600 1039 2661 νυνί.

245 2712 410 2775 Emblema
433 2714 521 2776 inira
543 2730 604 2775 auo
627 2715 700 2776 loco
720 2715 1079 2789 commemorabimus;
1099 2717 1273 2791 praeterea
1292 2714 1373 2775 vitio
1391 2712 1478 2773 labo·

246 2829 315 2888 rant
344 2829 446 2889 verba
476 2828 607 2889 ultima.
639 2828 724 2890 Nam
747 2844 846 2890 nemo
869 2830 941 2889 tam
965 2827 1085 2890 debilis
1107 2827 1161 2889 vel
1184 2830 1301 2890 tardus
1323 2830 1376 2890 est
1398 2828 1477 2915 quin

241 2941 319 3014 ferre
352 2944 467 3005 tamen
503 2942 609 3019 possit
635 2942 750 3021 secem,
783 2942 842 3005 sed
872 2942 913 3005 de
942 2941 1199 3027 λαμπαδοδρομλμ
1226 2944 1356 3022 agitur3
1378 2944 1478 3020 poeta

247 3055 376 3118 dederat

551 3170 695 3249 λαμπάδα
720 3165 748 3231 δ’
775 3168 879 3243 οὐδεὶς
903 3163 967 3243 clip
990 3191 1021 3231 τι
1044 3168 1210 3250 τρέχειν.

247 3282 330 3358 Quod
352 3284 500 3346 restituit
521 3284 680 3360 Blaydes,
702 3284 825 3346 collate
844 3284 1032 3361 Vesparum
1049 3300 1151 3346 versu
1172 3287 1269 3365 1203,
1290 3290 1347 3352 ubi
1366 3293 1477 3366 exqui-

247 3399 336 3459 sitior
357 3399 439 3460 haec
462 3399 584 3460 locutio
607 3399 800 3477 incolumia,
825 3400 947 3475 quippe
969 3401 1079 3460 metro
1103 3400 1255 3479 defensa,
1273 3407 1477 3479 permansit:

248 3508 406 3585 ἐδιώκαθές
429 3507 496 3574 ποτ’
524 3509 544 3591 ἢ
567 3513 681 3593 λαχών,
702 3509 722 3592 ἢ
744 3512 890 3590 λαμπάδα
911 3510 916 3594 Ι
937 3511 1075 3593 ἔδραμες.
1104 3579 1105 3583 1

286 3626 591 3689 Ecclesiazusarum
615 3627 746 3689 rabulae
769 3628 804 3689 in
830 3628 859 3688 R
882 3627 1057 3689 exordium
1087 3629 1153 3689 est:

508 3732 532 3801 δι
555 3740 695 3821 λαμπρὸν
718 3738 800 3820 ὄμμα
822 3749 877 3802 τοῦ
899 3740 1086 3821 τροχηλάτου
1109 3741 1223 3822 λάχνου

414 3908 415 3911 ,
507 3849 635 3915 κάλλιστ’
662 3852 695 3915 ἐν
719 3854 908 3936 εὐστόχοισιν
931 3853 1189 3935 λξητημένον.

174 3947 175 3950 “
251 3965 283 4026 In
315 3970 343 4026 Γ
371 3968 496 4043 legitur
530 3967 738 4047 εδσνόποισιν,
775 3970 861 4044 quod
895 3985 1013 4031 verum
1048 3970 1198 4045 videtum
1231 3972 1289 4032 sed
1319 3973 1479 4035 ultimum

172 4091 173 4098 ’
252 4082 380 4144 verbum
412 4084 514 4145 etiam
546 4083 580 4144 in
604 4086 634 4142 Γ
652 4086 704 4145 est
728 4080 921 4162 ἐζητημένον.
946 4084 1037 4160 Quod
1062 4085 1119 4161 qui
1143 4086 1291 4168 scripsit,
1316 4089 1374 4148 aut
1397 4088 1479 4149 nihil

253 4195 375 4257 volebat
407 4200 466 4258 aut
497 4195 623 4270 ἐξαιτεῖν
654 4198 839 4273 cogitabam
871 4214 992 4275 nempe
1022 4215 1088 4260 non
1118 4207 1259 4276 agnorat
1281 4202 1481 4275 exquisitius

171 4358 172 4395 η
252 4323 309 4382 quc
329 4310 521 4387 Praxagora
542 4311 651 4373 utitur
674 4312 814 4373 verbum
837 4309 974 4392 ἐξαρτᾶν.
994 4313 1156 4375 Restituit
1175 4313 1255 4375 olim
1275 4314 1480 4377 Palmerius:

254 4418 522 4504 ἐξηρτημένον.
546 4427 748 4503 Lucernam,
772 4441 875 4502 quam
895 4443 913 4488 e
934 4428 1056 4489 domus
1074 4428 1199 4504 pariete
1216 4429 1391 4506 carpende,
1411 4429 1479 4491 late

170 4516 174 4541 ³
253 4538 451 4613 resplendere
474 4541 555 4602 dicit
578 4540 776 4602 muliercula
799 4541 1092 4627 παρατραγῳδοοσα.

290 4652 371 4716 iiccl.
395 4657 449 4717 64.
475 4653 614 4717 dolerem
636 4656 759 4716 υίτίὶτνπ
782 4659 817 4716 ut
836 4656 915 4717 αιτίσ
933 4672 1006 4718 meu
1024 4657 1181 4733 indueret,
1200 4656 1267 4718 alia
1286 4657 1334 4718 ait
1345 4659 1477 4737 mulier,

511 4766 774 4849 ἒχλιαινάμην
798 4766 912 4830 ἑστῶσα
932 4769 1008 4850 πρὸς
1030 4768 1083 4829 τὸν
1105 4768 1202 4848 ἥλιον.
