4067 5950
380 1357 514 1418 Fabulis
544 1358 775 1433 Aristophanis
806 1372 826 1418 a
855 1373 910 1419 me
940 1358 1040 1418 editis
1067 1358 1335 1434 supplementum
1359 1354 1485 1416 accedit
1508 1353 1560 1412 hic

336 1499 459 1556 tomus.
485 1496 553 1572 Quo
577 1511 661 1570 quae
685 1496 897 1557 continentur
919 1496 1001 1557 haec
1024 1498 1120 1556 sunt:

1446 1698 1507 1753 Peg.

380 1773 427 1834 De
436 1773 794 1850 Aristophanispoetae
803 1776 912 1836 vitaet
922 1775 1076 1852 operibus
1088 1775 1326 1836 commentatio
1419 1773 1560 1833 1-167.

471 1913 661 1988 Appendix:
705 1913 730 1973 Ι.
755 1913 1054 2004 Grammaticorum
1080 1914 1120 1974 de
1139 1912 1330 1988 Aristopha-

756 2053 809 2113 nis
834 2053 903 2112 vita
926 2055 1084 2128 excerpta
1096 2096 1325 2113 .....
1376 2051 1561 2110 168-179.

693 2191 734 2251 ΙΙ.
759 2190 1064 2252 Grammaticorum
1100 2193 1259 2266 excerpta
1292 2190 1331 2250 de

756 2329 928 2391 comoedia
982 2374 1325 2391 .......
1375 2327 1559 2387 180-202.

382 2491 428 2553 De
451 2492 570 2553 metris
592 2493 633 2552 ab
656 2493 880 2568 Aristophane
903 2493 1061 2553 adhibitis
1097 2537 1326 2554 .....
1373 2491 1561 2567 2037223.

471 2630 660 2706 Appendix:
685 2631 865 2691 histrorum
886 2631 926 2692 ah
946 2630 1170 2707 Aristophane
1190 2633 1224 2691 in
1236 2630 1326 2691 iabu-

754 2768 797 2829 lia
838 2769 1073 2845 superstitibus
1107 2760 1328 2830 adhibitorum

757 2910 954 2984 conspectus
982 2953 1324 2969 .......
1370 2907 1560 2968 aut-ars.

383 3070 429 3130 De
454 3070 640 3131 tabularum
667 3071 985 3146 Aristophanearum
1011 3073 1275 3148 compositione.
1324 3118 1331 3133 .
1379 3074 1472 3133 245-
1491 3073 1567 3132 258.

387 3207 433 3268 De
456 3208 643 3270 tabularum
670 3209 905 3285 Aristophanis
927 3212 1023 3272 textu
1047 3210 1170 3270 tradito
1212 3256 1219 3271 .
1268 3256 1275 3271 .
1324 3256 1331 3271 .
1378 3211 1566 3271 259-855.

710 3348 734 3407 i.
759 3348 805 3408 De
828 3347 1029 3408 editionibus
1052 3303 1328 3421 antiquissimis.
1377 3348 1565 3408 259-269.

694 3486 735 3546 11.
759 3485 1334 3562 Decodicibushodiesuperstitibus
1382 3488 1571 3549 270—279.

646 3623 737 3701 „HL
762 3622 809 3683 De
840 3600 989 3684 codicum
1016 3626 1136 3686 ceteris
1158 3624 1334 3685 meliorum

758 3760 876 3847 Veneti
906 3765 939 3821 et
970 3762 1177 3823 Ravennatis
1205 3764 1333 3823 virtuti·

759 3899 822 3959 hus
849 3902 882 3960 et
907 3901 999 3960 vitiis
1043 3947 1328 3962 ......
1377 3902 1564 3962 280-855.

385 4062 490 4123 Index
521 4078 630 4123 rerum
655 4063 795 4136 quaein
821 4065 1072 4125 commentariis
1095 4068 1278 4140 tanguntur
1301 4070 1334 4126 et

431 4200 602 4260 nominum
653 4244 1161 4263 ..........
1194 4221 1216 4263 ’.
1265 4247 1272 4263 .
1321 4208 1335 4263 .·
1376 4201 1564 4263 eor-445.
