4067 5950
570 776 635 838 326
1014 790 1056 835 nn
1080 786 1188 833 narro
1210 786 1363 834 nnnnrro.

569 970 676 1023 ιουιον
711 963 745 1023 et
780 961 981 1038 particulam
1017 955 1101 1019 ἀλλά.
1137 958 1273 1034 Propior
1305 961 1419 1021 autem
1455 975 1475 1022 a
1510 975 1590 1023 vero
1624 960 1715 1021 duat
1741 956 1777 1018 V¹

568 1092 668 1151 quam
692 1076 734 1153 R,
758 1074 1046 1154 παραδιοοδοῦυιος
1070 1072 1160 1134 enim
1185 1074 1238 1134 est
1260 1062 1326 1133 οὖν.

613 1189 661 1249 En
685 1189 775 1250 aliud
798 1188 1004 1265 exemplum.
1028 1186 1113 1248 Nub.
1137 1187 1203 1247 940
1226 1187 1255 1247 R
1279 1192 1369 1249 recte
1392 1188 1509 1249 habet:

836 1299 909 1380 φέρε
933 1299 971 1378 δὴ
993 1299 1120 1380 πότερος
1144 1297 1220 1373 λέξει
1243 1299 1400 1379 πρότερον,

568 1416 633 1477 nisi
664 1416 749 1490 quod
782 1418 816 1477 in
843 1414 910 1477 fine
933 1416 1082 1492 praestat
1104 1412 1272 1493 πρότερος.
1295 1414 1333 1474 In
1357 1414 1385 1473 V
1408 1415 1492 1477 haec
1514 1416 1636 1476 minore
1657 1416 1701 1476 aio
1720 1418 1783 1476 eunt
1844 1428 1845 1435 ¹

568 1534 741 1608 corrupta:

838 1640 910 1722 φέρε
934 1640 973 1721 δὴ
1004 1644 1063 1715 τίς
1094 1639 1199 1715 λέξει
1229 1640 1422 1720 πρότερος
1453 1639 1579 1721 ὑμῶν,

568 1773 652 1833 quae
681 1759 715 1818 in
745 1757 966 1819 deterioribus
997 1755 1166 1818 codicibus
1197 1770 1283 1818 novo
1314 1756 1396 1816 vitio
1420 1758 1499 1817 eunt
1522 1756 1707 1831 inquinata:
1727 1753 1786 1833 φέρι

569 1874 625 1941 ιίς
648 1867 751 1943 λέξει
773 1870 969 1950 πρότερος
993 1870 1059 1941 (vel
1082 1873 1146 1941 -ονλ
1170 1866 1288 1947 ὑμῶν.
1312 1870 1438 1945 Aperta
1459 1885 1513 1932 ree
1536 1874 1600 1933 est.
1621 1870 1724 1933 Codex
1741 1872 1786 1944 qui

569 1984 703 2045 librario
726 1984 756 2044 V
779 1984 934 2060 exemplo
957 1984 1022 2045 fuit
1046 1984 1207 2046 habebat:

1055 2098 1091 2148 τλς
1116 2096 1180 2151 ὑμῶν

838 2160 910 2243 φέρε
934 2161 973 2242 δὴ
996 2162 1122 2242 πότερος
1144 2161 1220 2237 λέξει
1242 2163 1397 2243 πρότερος.

614 2279 724 2341 Etiam
755 2280 865 2354 magia
895 2312 936 2323 —
967 2279 997 2339 ei
1028 2281 1142 2354 poteat
1171 2279 1279 2354 magia
1312 2313 1352 2323 -
1383 2280 1499 2355 aperta
1530 2282 1582 2341 eet
1612 2280 1690 2341 mali
1710 2280 1788 2353 origo

570 2393 653 2455 Nub.
678 2394 755 2454 994.
779 2393 881 2453 Recte
904 2392 950 2453 ibi
972 2407 1103 2467 quoque
1125 2393 1170 2452 R:

613 2488 731 2585 καλμὴ
754 2528 838 2585 παρα
861 2506 933 2578 τοὺς
957 2510 1115 2579 σ[ε]αυτοῦ
1138 2503 1247 2586 γονέας
1271 2512 1545 2587 σκαιουργεῖν,
1568 2504 1639 2569 dito
1662 2530 1691 2567 τε
1709 2503 1790 2586 μηδὲν

614 2620 738 2700 αλσγρδν
761 2626 861 2681 ποιεῖν
883 2618 957 2699 κτλ,

570 2736 600 2796 ei
621 2735 829 2811 neglegimus
849 2735 1127 2811 vulgatissimum
1148 2748 1311 2810 errorem,
1332 2749 1397 2807 quo
1420 2734 1512 2814 περί
1533 2735 1615 2798 abiit
1638 2737 1671 2797 in
1692 2734 1791 2813 παρά.

570 2849 747 2923 aequiores
776 2864 854 2910 vero
886 2852 997 2910 metro
1019 2849 1126 2909 invito
1151 2848 1275 2909 habent
1297 2853 1547 2929 κακουργεῖν.
1573 2848 1637 2912 Our
1659 2850 1792 2911 habent?
1841 2886 1842 2934 γ

569 2964 664 3026 Dicet
687 2963 725 3036 V,
751 2964 784 3025 in
808 2980 872 3039 quo
895 2964 1060 3039 scriptum
1083 2965 1154 3024 est:
1838 2951 1842 3057 λ

1257 3080 1333 3111 κακον
1363 3071 1396 3110 eir

614 3130 665 3192 καλ
688 3130 729 3210 μὴ
752 3130 835 3212 παρὰ
858 3131 929 3204 τοὺς
952 3141 1081 3192 σεαυτοῦ
1104 3130 1214 3212 γονέας
1238 3081 1440 3212 σκαιοδδγεῖν.

614 3247 726 3321 Neque
756 3246 869 3306 minua
899 3249 992 3307 certa
1024 3261 1078 3306 ree
1106 3248 1158 3307 eet
1187 3247 1271 3308 Nub.
1305 3248 1402 3323 1228,
1428 3247 1507 3309 licet
1529 3250 1736 3310 consentiant
1755 3247 1793 3308 ibi

570 3361 655 3421 vet
679 3360 724 3420 R:

748 3470 799 3532 καλ
822 3470 861 3549 νὴ
886 3468 938 3531 Δί’
964 3471 1139 3534 ἀποδώσειν
1162 3468 1185 3553 γ’
1213 3472 1353 3551 ἐπώμνυς
1377 3474 1447 3548 τοὺς
1470 3475 1565 3548 θεοὺς

747 3584 786 3646 τδ
814 3583 938 3665 χρέος.
972 3589 1061 3645 ΣΤΡ.
1084 3584 1126 3662 μδι
1151 3581 1201 3645 Δί’
1230 3585 1268 3647 οδ
1292 3585 1349 3667 γὰρ
1373 3584 1515 3649 πώποτ’
1544 3587 1719 3668 ἐξηπίστατο

751 3699 955 3778 Φειδιππίδης
979 3721 1031 3776 μοι
1053 3697 1106 3759 τδν
1130 3697 1341 3778 ἀκατάβλητον
1364 3701 1462 3780 λόγον.

569 3814 633 3875 Ubi
666 3814 774 3875 levius
805 3817 857 3875 oet
887 3814 1008 3874 vitium
1043 3809 1190 3874 πώποτ’
1229 3830 1289 3889 pro
1324 3834 1378 3874 πω
1409 3809 1496 3891 τότ’,
1527 3815 1635 3877 multo
1669 3815 1794 3891 gravius

569 3928 736 3989 emblema
759 3927 793 3988 ιδ
815 3925 901 4007 χρέος
925 3929 958 3989 in
983 3931 1117 3989 textum
1141 3931 1325 4003 receptum.
1350 3927 1506 3990 Comicus
1524 3929 1677 3990 dederat:

749 4039 791 4118 μδι
819 4039 945 4105 (τὸν)
973 4036 1026 4100 Δί’
1054 4041 1091 4101 οὐ
1114 4041 1171 4122 γάρ
1195 4062 1248 4102 πω
1274 4035 1349 4107 τότ’
1377 4040 1555 4120 ἐξηπίστατο
1578 4040 1636 4103 κτέ.

614 4154 809 4217 Cuiusmodi
844 4170 974 4216 errores
1009 4156 1066 4229 qui
1102 4171 1162 4217 auo
1198 4158 1306 4232 pretio
1340 4158 1520 4219 aestimare
1554 4157 1683 4233 didicit,
1719 4158 1794 4218 insto

570 4269 781 4330 audaciorem
813 4284 877 4331 non
906 4270 1004 4331 ducet
1035 4269 1222 4344 Hermanni
1253 4271 1479 4332 coniecturam
1510 4270 1610 4346 vesp.
1643 4272 1718 4347 350,
1746 4283 1794 4345 pro
1844 4311 1845 4330 ι

570 4383 721 4443 codicum
746 4383 774 4442 V
798 4386 833 4444 et
855 4384 883 4444 R
907 4387 941 4445 et
963 4387 1152 4445 ceterorum
1176 4384 1318 4444 lectione

659 4493 739 4555 ἔστιν
764 4493 824 4573 ὀπὴ
848 4491 919 4574 δῆθ’
945 4491 1040 4574 ἥντιν’
1067 4493 1106 4555 διν
1129 4495 1261 4557 ἔνδοθεν
1285 4489 1347 4569 οἷός
1370 4492 1392 4556 τ’
1418 4497 1481 4575 εἴης
1505 4498 1694 4576 διορύξαι

569 4611 763 4685 reponentis
794 4608 993 4689 διαλέξαι,
1023 4610 1097 4672 coil.
1130 4611 1291 4686 Hesycuii
1314 4610 1427 4686 glossa
1459 4609 1622 4687 ,διαλέξαι
1647 4609 1793 4691 διορύξαι”

569 4726 603 4783 et
625 4723 833 4798 Lysistratae
856 4724 969 4785 verbis
992 4727 1052 4787 tva.
1079 4725 1172 4795 720);

746 4834 802 4913 τὴν
824 4833 879 4914 μέν
902 4857 935 4916 γε
958 4837 1083 4926 πρώτην
1108 4835 1310 4918 διαλέγουσαν
1333 4835 1389 4916 τήν
1413 4835 1493 4916 ὀπὴν
1514 4837 1519 4916 Ι
1539 4837 1716 4920 κατέλαβον.
