4067 5950
541 769 586 826 92
1064 785 1106 828 nr
1129 785 1254 830 norrun

586 951 679 1012 batis
692 950 750 1012 diu
766 951 837 1012 lam
856 952 974 1014 Graeci
991 953 1081 1014 inter
1099 969 1137 1014 se
1157 956 1237 1016 sunt
1253 953 1440 1030 digladiati,
1460 969 1521 1015 nec
1539 954 1604 1015 nisi
1622 951 1779 1013 barbaris

542 1063 660 1124 ‹alhde
681 1064 938 1138 expectantibus
960 1065 1084 1125 bellum
1107 1065 1231 1141 produit
1256 1067 1466 1140 diuturnum,
1489 1082 1560 1128 rem
1583 1065 1779 1142 gerentibus

541 1191 637 1237 mera
670 1176 760 1236 mala
793 1177 883 1238 tulit.
905 1177 990 1238 Rem
1025 1179 1218 1253 gerentibus
1249 1213 1289 1224 -
1321 1184 1356 1240 et
1389 1181 1508 1241 horum
1542 1178 1778 1242 familiaribus.

542 1290 736 1351 lulieribns
768 1292 873 1365 erepti
907 1293 988 1351 sunt
1020 1292 1133 1352 mariti
1164 1296 1198 1354 et
1228 1293 1351 1354 iratres
1381 1297 1415 1354 et
1437 1292 1511 1370 dlii,
1540 1299 1574 1355 et
1595 1294 1777 1354 tacendum

541 1413 615 1464 erat
647 1419 725 1464 com
760 1405 997 1480 eripiebantur.
1033 1405 1067 1465 si
1099 1421 1177 1466 vero
1207 1410 1319 1468 tacere
1350 1424 1416 1468 non
1444 1409 1511 1468 iarn
1534 1409 1661 1468 sineret
1682 1407 1779 1468 dolor

541 1521 601 1578 aut
628 1517 829 1593 indignatio,
860 1518 1007 1579 dicteriis
1037 1521 1109 1578 tam
1140 1521 1230 1580 notis
1259 1535 1359 1594 quam
1390 1521 1482 1581 duris
1505 1520 1778 1594 castigabantur;

542 1645 649 1704 neque
681 1631 773 1690 enim
807 1631 848 1692 de
878 1631 1074 1692 mulieribus
1104 1647 1210 1705 neque
1239 1633 1281 1692 ab
1312 1635 1354 1694 iis
1383 1634 1484 1695 verbe
1512 1632 1584 1693 fleri
1614 1649 1690 1692 mos
1713 1635 1777 1692 est.

543 1742 626 1818 Quid
659 1748 773 1804 autem
804 1747 998 1816 quereretur
1026 1747 1146 1820 mater,
1175 1747 1204 1806 si
1233 1746 1459 1807 adimerentur
1488 1747 1598 1822 liberi,
1629 1748 1778 1820 quinon

542 1855 648 1931 ipsius
670 1859 784 1917 essent
805 1857 865 1918 sed
886 1857 1018 1931 patris?
1040 1857 1154 1932 Ipsum
1179 1858 1367 1934 Apollinem
1392 1860 1425 1920 in
1449 1859 1599 1919 dramate
1617 1858 1778 1932 Aeschyli

542 1969 700 2044 gravibus
722 1970 834 2030 verbis
854 1971 1036 2030 testatum:

745 2083 837 2159 ¹,tlon
860 2084 913 2143 est
935 2098 1056 2158 parens
1078 2099 1163 2158 quae
1185 2088 1294 2144 mater
1315 2083 1430 2145 audire
1452 2085 1594 2159 assolet,

745 2197 828 2274 „M
851 2197 944 2256 alma
966 2197 1081 2256 nutrix
1106 2199 1270 2272 germinis
1293 2198 1492 2270 concrediti;

745 2310 812 2386 ,Ut
834 2309 998 2386 hospitale
1022 2311 1142 2386 pignus
1164 2313 1246 2372 haec
1267 2313 1395 2387 prolem
1418 2311 1523 2388 fovet,

745 2424 847 2501 „Dein
869 2424 992 2493 reddit;
1015 2428 1051 2482 at
1071 2424 1128 2498 qui
1150 2428 1301 2501 generat,
1324 2440 1412 2485 unus
1434 2425 1464 2484 is
1486 2425 1639 2500 parens.''

588 2540 631 2599 At
665 2537 741 2599 tlnis
770 2538 838 2597 iam
873 2540 926 2596 est
954 2538 1120 2612 patienter
1157 2541 1191 2597 et
1227 2538 1397 2598 submisse
1427 2539 1635 2613 expectandi.
1667 2538 1777 2613 „Nulli

542 2653 646 2714 etiam
668 2651 810 2712 Athenis
832 2652 913 2710 sunt
934 2651 1040 2712 viri!’'
1063 2651 1227 2712 clamatur
1249 2667 1308 2728 per
1331 2652 1465 2728 urbem,
1490 2652 1562 2712 sive
1584 2653 1625 2712 de
1648 2651 1778 2726 patriae

541 2767 651 2827 salute
685 2765 935 2839 desperantium
970 2779 1010 2825 ea
1041 2767 1093 2825 est
1123 2781 1204 2840 vox,
1235 2767 1308 2825 sive
1340 2765 1536 2826 contemtim
1567 2765 1601 2824 in
1628 2766 1777 2840 partium

542 2879 690 2940 civilium
721 2876 957 2938 controversiis
987 2878 1198 2938 adversarios
1227 2877 1476 2939 lacessentium.
1511 2877 1658 2953 „Desunt
1680 2877 1779 2936 viri”.

542 2992 587 3053 At
625 2994 705 3053 sunt
743 2991 916 3066 mulieres,
955 2994 990 3052 et
1028 2993 1160 3067 propria
1198 2992 1252 3052 his
1290 3008 1385 3053 arma
1423 2993 1541 3065 quibus
1575 2990 1779 3053 confiderent

543 3106 631 3167 dedit
661 3120 746 3178 quae
775 3103 928 3164 leonibus
959 3119 1102 3180 ungues,
1134 3120 1218 3177 quae
1248 3120 1371 3165 cornua
1402 3105 1509 3165 tauris
1532 3104 1622 3163 dedit
1644 3106 1779 3164 natura.

542 3219 605 3279 His
637 3218 741 3279 armis
775 3218 843 3277 iam
876 3231 997 3276 usurae
1028 3218 1110 3278 sunt
1140 3219 1178 3276 ut
1207 3216 1293 3279 bello
1323 3218 1498 3292 imponant
1524 3215 1637 3277 finem.
1659 3216 1779 3277 Nonne

542 3332 691 3392 carmina
724 3331 816 3405 epica
850 3330 1015 3391 habehant
1051 3331 1237 3391 Menelaum
1269 3330 1309 3392 ab
1341 3331 1470 3391 Helena
1505 3330 1657 3390 victum?
1687 3328 1779 3403 Quae

543 3444 640 3505 'Prota
670 3446 767 3519 capta
798 3444 977 3518 pristinum
1006 3445 1180 3519 coniugem
1204 3460 1272 3505 non
1296 3444 1435 3519 supplex
1459 3445 1553 3518 adiit,
1579 3444 1637 3503 sed
1660 3444 1779 3517 peetus

542 3559 679 3620 niveum
714 3560 872 3620 audacter
906 3557 1058 3634 praebuit
1091 3557 1365 3619 confodiendum:
1401 3560 1473 3617 tum
1505 3558 1633 3618 abiecto
1667 3556 1779 3631 gladio

542 3672 598 3732 ille
630 3672 744 3734 eodem
777 3687 840 3747 quo
873 3676 973 3733 antea
995 3687 1111 3732 amore
1134 3688 1209 3733 eam
1233 3675 1286 3732 est
1309 3672 1512 3747 complexus.
1537 3668 1670 3730 Clarum
1695 3668 1777 3728 illud

543 3785 733 3861 exemplum
758 3787 911 3846 imitatae
935 3800 1018 3859 quae
1040 3801 1128 3846 nunc
1152 3786 1273 3846 vivunt
1291 3785 1451 3845 mulieres
1470 3784 1613 3844 Graecae
1633 3786 1666 3843 et
1685 3784 1779 3859 ipsae

542 3900 670 3961 formae
694 3902 873 3960 venustate
897 3913 1019 3959 usurae
1044 3902 1124 3960 sunt
1146 3900 1180 3959 in
1201 3899 1292 3959 viros
1312 3898 1401 3973 illos,
1423 3899 1479 3973 qui
1495 3897 1623 3959 decoris
1642 3897 1780 3956 feminei

544 4014 641 4073 heros
676 4015 775 4087 atque
809 4013 962 4073 dominos
993 4012 1153 4088 superbos
1185 4028 1221 4073 se
1252 4026 1385 4087 gessere
1416 4012 1518 4071 nimis
1545 4011 1614 4085 diu,
1645 4011 1680 4069 in
1704 4012 1778 4069 tuto

544 4126 702 4186 nimirum
727 4126 853 4186 amoris
876 4128 910 4186 et
934 4125 1023 4185 vitae
1047 4126 1251 4186 domesticae
1273 4125 1358 4185 bona
1380 4139 1514 4199 semper
1532 4123 1596 4183 sibi
1614 4123 1684 4183 fore
1703 4123 1777 4185 rati.

545 4239 680 4299 Sciunto
714 4238 763 4297 illi
799 4238 883 4298 nihil
919 4238 1085 4298 eiusmodi
1116 4242 1173 4298 aut
1204 4240 1331 4299 certum
1363 4241 1422 4299 aut
1451 4240 1606 4312 paratum
1631 4250 1718 4311 esse,
1748 4236 1778 4295 si

543 4351 652 4411 nolint
675 4351 847 4428 mulieres,
872 4353 912 4412 ut
934 4352 1071 4412 tandem
1095 4352 1238 4425 denique
1263 4352 1417 4411 desinant
1441 4366 1498 4411 eas
1517 4349 1728 4424 vilipendere.
1749 4351 1779 4409 A

544 4462 766 4525 Pacificatrice
797 4464 936 4525 muliere
966 4464 1165 4525 Atheniensi
1196 4466 1399 4525 convocatae
1428 4464 1637 4524 Athenarum
1666 4478 1779 4522 arcem

544 4580 719 4654 occupant,
740 4579 867 4638 aerario
886 4576 1016 4651 publico
1036 4578 1219 4654 potiuntur,
1234 4577 1421 4652 propylaeis
1434 4576 1652 4637 communitis
1664 4579 1781 4636 arcent

546 4691 635 4752 viros
665 4691 865 4767 impotenter
895 4690 1062 4765 furentes;
1086 4692 1218 4764 iamque
1242 4691 1407 4765 patienter
1430 4691 1462 4750 in
1487 4688 1582 4749 firmo
1606 4689 1663 4748 illo
1686 4692 1780 4764 rupis

546 4804 710 4882 praesidio
734 4806 911 4879 expectant
936 4818 1094 4877 quorsum
1118 4818 1172 4864 res
1195 4804 1264 4864 sint
1287 4818 1459 4864 evasuras.
