4067 5950
190 960 203 1003 λ

192 1074 203 1117 5

185 3351 209 3398 ll

186 3694 211 3741 12

189 3919 213 3967 13

636 777 808 823 nomm
830 778 872 823 υτ
896 779 1069 825 aonam.
1407 770 1470 829 185

285 947 334 1008 έπί
356 948 460 1009 τοίνυν
482 957 535 1027 τής
552 950 786 1029 Ἀριστοφάνους
805 949 857 1011 καλ
875 951 1031 1030 Κρατίνου
1051 950 1102 1013 καλ
1121 953 1296 1027 Εὐπόλιδος
1314 954 1473 1039 κωμῳδίας

243 1060 393 1141 ἀφόρητοί
421 1085 499 1135 τινες
530 1062 605 1123 κατά
635 1072 694 1125 τῶν
725 1060 961 1143 ἁμαρτανόντων
984 1057 1063 1145 ήσαν
1087 1067 1119 1127 οί
1139 1067 1270 1145 ποιηταί.
1293 1067 1399 1129 λοιπόν
1424 1066 1474 1147 δέ,

242 1185 291 1255 τής
312 1177 516 1257 δημοκρατίας
535 1177 753 1258 ύπσχωρούσης
772 1178 834 1241 ύπό
852 1187 912 1239 τῶν
930 1178 1005 1239 κατά
1024 1179 1077 1252 τὰς
1095 1181 1227 1258 Ἀθήνας
1244 1181 1473 1261 τυραννιῶντων

242 1289 290 1350 καί
330 1291 559 1370 καθισταμένης
593 1289 764 1373 ὀλιγαρχίας
798 1290 850 1353 καλ
884 1294 1130 1373 μεταπιπτούσης
1165 1304 1217 1374 τῆς
1251 1294 1389 1369 ἐξουσίας
1419 1304 1473 1357 τού

243 1405 341 1482 δήμου
371 1405 414 1479 είς
444 1403 565 1487 ὀλίγους
587 1404 670 1478 τινὰς
692 1405 744 1468 καλ
766 1405 992 1489 κρατυνομένης
1009 1404 1032 1480 ¹)
1055 1417 1108 1486 τής
1131 1406 1316 1491 ὀλιγαρχίας,
1339 1408 1475 1473 ἐνέπιπτε

242 1525 301 1593 τοῖς
335 1526 474 1600 ποιηταῖς
508 1520 617 1600 φόβος·
654 1520 691 1583 ού
726 1520 782 1601 γάρ
813 1513 852 1601 ήν
882 1518 990 1594 τιναδ)
1020 1532 1187 1601 προφανῶς
1210 1524 1367 1603 σκάπτειν,
1388 1524 1474 1598 δίκας

243 1632 452 1697 ἀπαιτούντων
481 1644 541 1697 τῶν
567 1634 774 1718 ὑβριζομένων
804 1633 886 1718 παρά
915 1645 975 1697 τῶν
1006 1646 1152 1715 ποιητῶν.
1179 1638 1265 1716 ἴσμεν
1279 1632 1301 1710 ³)
1324 1646 1400 1720 γοῦν
1422 1638 1475 1700 τόν

244 1746 381 1810 Εὔπολιν
414 1747 463 1810 eni
492 1760 532 1833 τῷ
563 1749 684 1823 διδάξαι
707 1749 777 1823 τούς
800 1749 923 1823 Βάπτας
946 1747 1150 1831 ἀποπνιγέντα
1173 1751 1215 1825 είς
1238 1750 1293 1830 τήν
1316 1752 1475 1814 θάλασσαν

245 1859 290 1923 ύτί
324 1862 442 1925 ἐκείνου
477 1862 519 1936 είς
539 1859 575 1925 ὃν
589 1860 615 1936 4)
637 1869 756 1943 καθήκε
777 1864 849 1937 τούς
872 1864 1003 1937 Βάπτας.
1026 1862 1078 1925 καλ
1100 1863 1151 1925 διὰ
1173 1874 1261 1926 τούτο
1286 1863 1476 1948 όκνηρότεροι

244 1975 316 2055 πρός
339 1976 375 2037 τὰ
399 1977 562 2056 σκώμματα
585 1975 724 2059 έγένοντο
747 1977 799 2039 καλ
821 1976 965 2039 ἐπέλιπον
989 1978 1022 2039 οί
1044 1979 1176 2059 χορηγοί·
1200 1978 1237 2041 ού
1261 1977 1317 2060 γὰρ
1340 1978 1382 2041 ἔτι
1403 2001 1477 2062 προ-

246 2091 362 2169 θυμίαν
386 2085 466 2171 είχον
490 2092 523 2153 σί
542 2096 701 2171 Ἀθηναῖοι
724 2091 796 2166 τούς
814 2091 964 2173 χορηγούς
982 2090 1054 2163 τούς
1073 2090 1124 2165 τὰς
1145 2092 1283 2165 δαπάνας
1300 2098 1476 2173 τοῖςχορευ-

245 2209 306 2277 ταῖς
329 2203 514 2285 παρέχοντας
536 2211 725 2286 χειροτονεῖν.
748 2204 801 2267 τόν
819 2214 896 2287 γοθν
916 2205 1125 2267 Αίολοσίκωνα
1144 2207 1359 2285 Ἀριστοφάνης
1377 2205 1477 2268 ἐδίδα-

246 2318 302 2397 ξεν,
324 2314 359 2391 ὃς
381 2318 439 2381 ούκ
461 2317 519 2399 ἔχει
541 2318 578 2379 τά
603 2318 708 2399 χορικά
727 2317 809 2398 μέλη.
832 2316 967 2399 τῶνγὰρ
986 2328 1124 2399 χορηγῶν
1144 2317 1185 2397 μή
1205 2318 1477 2402 χειροτονουμένων

246 2430 293 2491 καλ
324 2441 384 2492 τῶν
415 2442 565 2514 χορευτῶν
588 2432 646 2495 ούκ
668 2431 798 2512 έχόντων
820 2432 873 2507 τὰς
895 2433 1025 2513 τροφάς,
1046 2431 1221 2518 ύπεξηρέθη
1243 2442 1296 2511 τής
1318 2434 1478 2518 κωμφδίας

247 2543 280 2604 τὰ
312 2544 418 2625 χορικά
449 2544 522 2624 μέλη
552 2545 605 2607 καλ
633 2556 693 2607 τῶν
716 2544 897 2608 ὑποθέσεων
921 2543 938 2607 ό
960 2547 1054 2619 τόπος
1077 2548 1258 2627 μετεβλήθη.
1282 2556 1397 2609 σκοπού
1421 2545 1478 2630 γάρ

246 2656 330 2732 όντος
360 2670 396 2744 τῇ
426 2657 535 2744 ἀρχαία
567 2661 710 2747 κωμῳδία
741 2668 795 2722 τού
825 2660 973 2723 σκάπτειν
1004 2660 1205 2741 δημαγωγούς
1218 2656 1241 2731 ⁶)
1264 2658 1316 2721 καί
1339 2660 1479 2734 δικαστάς

245 2773 294 2833 καλ
324 2774 525 2855 στρατηγούς,
553 2772 660 2856 παρελς
691 2771 707 2835 ό
737 2774 953 2854 Ἀριστοφάνης
982 2773 1015 2834 τό
1046 2774 1190 2852 συνήθως
1221 2772 1405 2852 ἀποσκῶψαι
1428 2774 1478 2836 διὰ

247 2887 296 2949 τόν
328 2888 427 2950 πολύν
457 2887 558 2969 φόβον
589 2887 704 2949 Αἴολον
733 2886 766 2949 τό
798 2888 897 2968 δρᾶμα
921 2887 955 2949 τό
984 2884 1103 2969 γραφέν
1126 2893 1187 2961 τοῖς
1211 2889 1376 2976 τραγῳδοῖς
1391 2884 1415 2960 ⁶)
1438 2886 1479 2961 ὡς

248 3013 344 3074 κακῶς
372 3002 441 3082 ἔχον
465 3002 609 3082 διασύρει.
631 3011 767 3076 τοιοῦτος
791 2994 848 3064 σύν
872 3001 952 3063 ἐστιν
976 2999 992 3063 ό
1015 3010 1068 3081 τής
1091 3000 1182 3081 μέσης
1205 3003 1364 3088 κωμῳδίας
1386 3003 1479 3076 τύπος

246 3110 307 3190 σίός
338 3115 418 3178 έστιν
442 3113 458 3177 ό
482 3116 672 3179 Αίσλοσίκων
694 3116 930 3198 Ἀριστοφάνους
952 3113 1003 3176 καί
1028 3116 1059 3176 οί
1076 3111 1229 3189 Ὀδυσσεῖς
1253 3116 1407 3196 Κρατίνου
1429 3115 1481 3178 καλ

246 3236 364 3292 πλεῖστα
395 3238 455 3291 τῶν
485 3235 622 3291 παλαιῶν
642 3229 803 3309 δραμάτων
822 3227 890 3291 ούτε
908 3228 1014 3308 χορικά
1035 3227 1104 3291 ούτε
1122 3229 1308 3310 παραβάσεις
1327 3229 1432 3310 ἔχοντα
1448 3226 1480 3303 ⁷).

291 3346 463 3425 παράβασις
493 3343 526 3406 δέ
553 3343 615 3406 έστι
644 3343 678 3406 τδ
704 3352 830 3406 τοιοῦτο·
851 3343 925 3420 μετὰ
947 3343 980 3404 τό
1003 3343 1074 3416 τούς
1096 3342 1260 3424 ύποκριτάς
1282 3353 1336 3406 τοῦ
1359 3346 1479 3425 πρῶτον

247 3456 353 3538 μέρους
372 3456 587 3540 πληρωθέντος
606 3456 667 3519 ἀπό
685 3466 737 3537 εής
756 3466 870 3536 σκηνῆς
889 3455 1098 3537 ἀναχωρῆσαι,
1118 3455 1159 3530 ὡς
1179 3455 1218 3517 ἀν
1237 3456 1279 3536 μή
1297 3457 1331 3520 τό
1349 3456 1480 3539 θέατρον

247 3570 339 3652 ἀργόν
369 3566 390 3657 ή
420 3569 472 3633 καλ
502 3568 519 3632 ό
551 3572 646 3650 δήμος
669 3569 760 3652 ἀργός
782 3569 960 3650 καθέζηται,
983 3568 999 3632 ό
1023 3569 1111 3651 χορός
1135 3571 1192 3633 ούκ
1214 3570 1289 3651 έχων
1312 3571 1388 3651 πρός
1410 3573 1480 3647 τούς

251 3684 414 3765 ύποκριτάς
446 3684 640 3767 διαλέγεσθαι
670 3683 867 3764 ἀπόστροφον
893 3683 1022 3746 έποιεῖτο
1044 3684 1120 3764 πρός
1142 3684 1195 3746 τόν
1219 3686 1328 3764 δῆμον.
1350 3685 1426 3746 κατὰ
1449 3684 1483 3748 δέ

248 3799 300 3878 τήν
323 3799 520 3880 ἀπόστροφον
544 3799 662 3880 ἐκείνην
685 3799 718 3861 οί
737 3797 861 3878 ποιηταί
884 3798 935 3859 διὰ
953 3808 1007 3860 τοῦ
1027 3807 1120 3879 χορού
1139 3797 1160 3879 ή
1178 3797 1254 3879 ύπέρ
1273 3798 1389 3861 ἑαυτῶν
1408 3799 1480 3862 ἀπε-

252 3918 393 3996 λογοῦντο
428 3913 448 3995 ή
482 3912 551 3994 περλ
585 3914 740 3994 δημοσίων
775 3914 958 3994 πραγμάτων
988 3914 1175 3994 εἰσηγοῦντο.
1204 3909 1225 3993 ή
1256 3911 1290 3975 δέ
1312 3913 1483 3995 παράβασις

281 4220 301 4287 ¹)
317 4221 526 4287 1’τριτχυνομέτηςλ
543 4222 611 4269 Item
630 4222 644 4280 ἕ
663 4222 704 4268 λ’ί.

279 4298 301 4360 ¹)
317 4300 386 4349 *W
403 4303 497 4349 Knibol
515 4301 594 4348 οὐκέτι
611 4302 657 4363 γὰρ
674 4304 720 4346 nl.

280 4378 302 4442 ³)
319 4381 447 4428 Fabulam
464 4380 600 4439 redarguit
618 4378 808 4426 Eratosthenes
825 4376 892 4441 (Οἰο.
910 4379 943 4425 nd
959 4381 1011 4425 Δί).
1031 4380 1064 4427 VI
1085 4375 1119 4441 1).
1137 4379 1176 4426 Of.
1194 4391 1254 4438 pag.
1275 4381 1332 4436 199,
1350 4381 1373 4425 3.

281 4457 303 4519 ⁴)
319 4464 411 4508 λκιλτατ
427 4463 460 4514 εἰς
477 4459 517 4513 ούς
534 4472 596 4520 φατε
613 4457 742 4514 codicum,
760 4457 873 4504 fortasse
890 4460 969 4504 reete.

282 4537 305 4599 6)
321 4543 474 4600 δημαγωγούς
492 4538 618 4599 Βίκγᾶσε]
636 4536 734 4601 δήμους.

282 4615 303 4681 ⁶)
321 4628 353 4681 τῷ
369 4620 482 4683 τραγῳδῷ
500 4619 552 4674 (vol
570 4616 700 4681 τραγικφ)λ

284 4695 305 4757 7)
323 4699 451 4758 Oorrupta
474 4699 520 4744 aut
541 4698 666 4744 Ιτοσοοετ
689 4696 764 4742 haee.
790 4695 828 4740 De
854 4695 954 4742 Oratini
976 4695 1097 4742 Ulixibus
1116 4695 1151 4741 ef.
1174 4695 1247 4752 517.
1269 4692 1394 4741 Plurimus
1414 4693 1483 4739 inter

252 4779 348 4836 ρτίεοττ
367 4778 470 4825 fabulae
484 4775 635 4837 parabasim
655 4776 759 4823 ohorive
777 4775 878 4822 cantica
897 4788 949 4822 non
966 4775 1089 4823 habuisse
1107 4775 1246 4835 perhibere
1263 4788 1316 4822 non
1333 4772 1422 4834 potuit
1438 4775 1483 4832 qui

252 4857 342 4906 harum
359 4871 447 4905 rerum
466 4858 537 4905 ειεεό
554 4857 671 4917 peritior.
