4067 5950
647 778 817 824 σκοτειετε
841 778 883 823 σε
906 776 1083 823 οοιεοτοιε.
1418 764 1481 823 201

245 949 375 1011 θόντων
398 948 432 1011 δέ
453 960 513 1011 τῶν
535 948 708 1031 ύποκριτῶν
730 950 807 1031 πρός
829 949 984 1032 ἀμφότερα
1006 949 1043 1012 τδι
1062 949 1138 1033 μέρη
1157 960 1211 1014 τοῶ
1228 952 1327 1031 δήμου
1348 949 1429 1031 δρῶν
1452 949 1485 1011 ἐκ

244 1062 453 1144 τετραμέτρου
476 1062 580 1139 δεκαέξ
603 1065 720 1145 στίχους
744 1062 951 1138 διναπαίστους
974 1063 1154 1146 ἐφθέγγετο,
1177 1064 1334 1127 καὶτοῦτο
1354 1063 1485 1126 ἐκαλεῖτο

246 1178 378 1257 στροφή·
405 1171 468 1239 εἶτα
498 1175 616 1260 ἐτέρους
643 1179 799 1252 τοιούτους
816 1174 838 1251 ¹)
863 1177 1027 1260 ἐφθέγγετο
1050 1178 1101 1241 καλ
1125 1177 1255 1241 ἐκαλεῖτο
1278 1177 1488 1259 ἀντίστροφος,

246 1291 329 1372 άπερ
349 1289 504 1371 ἀμφότερα
523 1291 555 1354 ot
570 1290 695 1353 παλαιοί
714 1291 865 1373 ἐπίρρημα
884 1291 995 1375 ἐλεγον·
1016 1292 1071 1372 δλη
1086 1290 1119 1354 δὲ
1133 1289 1153 1372 ἡ
1165 1293 1317 1373 πρόσοδος
1328 1302 1383 1354 τού
1394 1301 1486 1374 χοροῦ

249 1402 387 1467 ἐκαλεῖτο
417 1405 597 1486 παράβασις.
627 1407 787 1488 συμβαίνει
817 1405 856 1485 δὴ
879 1406 912 1468 τό
934 1405 1086 1486 ἐπίρρημα
1109 1405 1196 1469 πέντε
1218 1408 1390 1487 σημαίνειν,
1411 1407 1486 1470 αότό

249 1541 280 1579 τε
315 1518 351 1580 τδ
381 1519 494 1581 οἰκεῖον
525 1521 751 1599 σημαινόμενον
785 1518 836 1581 καλ
864 1518 920 1599 τὴν
954 1519 1092 1600 στροφὴν
1123 1519 1174 1582 καλ
1205 1518 1406 1601 ἀντίστροφον
1436 1520 1488 1583 καλ

248 1631 337 1716 ᾠδὴν
368 1630 420 1693 καί
450 1631 607 1721 άντφδήν,
635 1632 740 1713 ἐπειδὴ
771 1630 791 1713 οἱ
822 1630 878 1713 μέν
905 1632 1023 1715 στροφὴ
1046 1633 1102 1713 τὴν
1126 1632 1210 1719 ᾠδὴν
1234 1634 1388 1713 σημαίνει,
1409 1630 1429 1713 οἱ
1454 1632 1487 1695 δὲ
1587 1618 1603 1641 ’

247 1743 453 1825 ἀντίστροφος
475 1744 532 1825 τήν
554 1744 703 1832 δντιμδήν.

298 1972 420 2056 γένοιτο
454 1969 483 2036 δ’
509 1971 549 2035 δν
579 1971 748 2054 σαφεστέρα
777 1969 797 2052 ἡ
824 1982 883 2035 τῶν
906 1974 1052 2037 τοιούτων
1076 1974 1255 2035 διδασκαλία
1278 1971 1336 2036 διδί
1360 1995 1432 2050 πως.
1456 1975 1489 2038 ἐν

251 2088 366 2172 ἐαρινῷ
396 2100 490 2175 καιρῷ
522 2088 697 2152 πολυτελέσι
720 2090 872 2163 δαπάναις
893 2089 1124 2162 κατεσκευάζετο
1146 2084 1166 2167 οἱ
1190 2088 1288 2168 σκηνὴ
1310 2090 1491 2171 τριωρόφοις

251 2203 492 2282 οἰκοδομήμασι,
525 2201 745 2281 πεποικιλμένη
777 2202 1029 2282 παραπετάσμασι
1058 2200 1109 2263 καί
1138 2199 1267 2277 ὀθόναις
1296 2208 1416 2277 λευκαῖς
1438 2203 1490 2265 καί

252 2320 427 2397 μελαίναις,
456 2320 584 2400 βύρσαις
613 2340 645 2380 τε
675 2318 882 2398 παταγούσαις
911 2314 962 2378 καί
992 2318 1201 2402 χειροτινάκτρι
1231 2317 1319 2396 πυρί,
1342 2314 1493 2399 όρύγμασί
1573 2300 1577 2313 ⁸

251 2454 283 2493 τε
306 2433 479 2514 καταγείοις
511 2431 563 2493 καλ
586 2430 747 2513 ύπογαίοις
770 2429 822 2492 καί
844 2431 966 2493 ύδάτων
990 2432 1169 2510 δεξαμεναῖς
1192 2432 1234 2505 είς
1256 2432 1354 2493 τύπον
1376 2429 1492 2490 θαλάσ-

253 2563 327 2625 σης,
350 2548 520 2627 ταρτάρου,
542 2547 635 2631 ᾅδου,
656 2554 815 2626 κεραυνῶν
839 2544 889 2606 καί
914 2548 1065 2626 βροντῶν,
1094 2554 1149 2627 γῆς
1172 2545 1223 2607 καί
1246 2545 1396 2626 ούρανοῦ,
1418 2566 1491 2605 νυκ-

251 2660 303 2734 τὸς
330 2658 383 2722 καλ
406 2658 533 2742 ἡμέρας,
555 2658 730 2741 ἀνακτόρων
747 2654 771 2741 ²)
795 2657 845 2720 καί
868 2659 990 2721 πάντων
1018 2657 1128 2734 ἅπλῶς·
1153 2660 1248 2735 αύλάς
1271 2682 1302 2721 τε
1324 2658 1361 2721 ού
1384 2656 1490 2738 μικρὰς

251 2768 335 2855 εἶχεν
358 2772 587 2856 ἐξειργασμένως
610 2772 661 2836 καί
684 2770 799 2852 άψῐδας
822 2774 864 2847 είς
887 2774 985 2836 τύπον
1005 2772 1095 2836 δδῶν·
1115 2774 1167 2835 διὰ
1185 2771 1241 2853 μὲν
1260 2765 1317 2835 ούυ
1336 2771 1491 2855 άριστερᾶς

252 2886 372 2965 άψῖδος
401 2887 549 2969 ἐχώρουν,
578 2887 605 2950 εί
634 2886 675 2961 ὡς
698 2886 731 2949 ἐκ
754 2888 868 2961 πόλεως
891 2878 970 2967 ἦσαν
994 2885 1151 2962 όδεύοντες
1174 2886 1215 2962 ὡς
1237 2887 1312 2969 πρός
1335 2882 1492 2967 δγρούςῆ

252 3002 305 3064 καλ
340 3002 473 3083 θέατρα,
502 3000 541 3064 διν
571 2999 604 3064 δέ
632 3001 710 3082 πρός
740 3002 831 3063 πόλιν
865 3000 905 3075 ὡς
937 3001 970 3063 ἐκ
999 3004 1138 3084 θεάτρων
1167 3001 1187 3083 ἢ
1218 2997 1268 3064 ἀπ’
1300 2999 1411 3082 όγροδ,
1441 3000 1492 3061 διὰ

254 3120 360 3192 δεξιᾶς
377 3113 411 3190 ³).
433 3117 559 3196 τοιαύτη
582 3114 637 3195 μέν
661 3113 681 3196 ἡ
704 3125 756 3195 τῆς
780 3126 895 3196 σκηνῆς
918 3115 1052 3198 ἐργασία.

300 3230 341 3292 τδι
364 3229 495 3309 σκηνικδι
518 3227 546 3292 δ’
572 3226 622 3292 ἀπ’
648 3230 743 3309 αότης
762 3231 935 3309 καλούμενα
954 3231 1093 3312 δράματα
1113 3229 1163 3292 καί
1182 3240 1351 3311 πρακτικῶς
1371 3227 1492 3291 ἐτελεῖτο

250 3346 305 3407 καλ
337 3350 473 3426 λογικῶς·
497 3346 640 3417 σύστασις
664 3341 698 3405 δέ
721 3344 837 3407 τούτων
859 3342 976 3425 ύπηργι
998 3344 1035 3406 τδι
1057 3355 1117 3406 τῶν
1140 3345 1313 3426 ύπυκριτῶν
1336 3344 1492 3425 πρόσωπα.

251 3470 350 3522 ταῦτα
372 3456 406 3521 δέ
429 3464 491 3531 τοῖς
509 3456 564 3538 μέν
584 3463 736 3539 τραγικοῖς
754 3456 807 3519 καλ
825 3464 998 3538 σατυρικοῖς
1017 3457 1077 3519 άνδι
1097 3455 1200 3533 δεκαέξ
1216 3450 1309 3538 ἦσαν,
1327 3455 1343 3519 6
1363 3456 1494 3535 κωμικός

252 3572 286 3635 δέ
316 3568 395 3654 εἶχεν
428 3573 523 3634 εἴκοσι
553 3571 690 3651 τέσσαρα·
714 3569 734 3631 ά
758 3570 796 3649 δὴ
819 3572 969 3651 πρόσωπα
991 3571 1172 3652 ύποκριτικά
1195 3581 1256 3634 τῶν
1277 3581 1368 3653 τριῶν
1392 3589 1494 3650 σκηνι-

252 3698 318 3749 κῶν
342 3688 536 3766 ποιημάτων,
565 3684 602 3746 τὰ
631 3685 728 3747 οἰκεῖα
751 3696 791 3770 τῷ
814 3681 884 3747 καθ’
910 3684 956 3748 §vi
978 3686 1081 3750 αύτῶν
1104 3685 1155 3747 καλ
1178 3687 1278 3773 οίκείφ
1302 3683 1494 3765 ἠθροισμένοι

258 3802 382 3882 δρῶντά
415 3823 443 3861 τι
477 3799 565 3880 χορός
600 3799 742 3861 ἐκαλεῖτο.
773 3798 941 3880 διαιρεθελς
972 3796 1006 3862 δέ
1037 3797 1053 3861 6
1083 3800 1171 3881 χορός
1199 3800 1241 3874 είς
1268 3800 1404 3879 τμήματα
1428 3798 1496 3875 δύο,

255 3913 403 3996 ἡμιχόρια
424 3911 609 3992 ὠνομάζετο,
627 3923 874 3993 παραγρηστικῶς
898 3911 932 3974 δέ
950 3913 1001 3976 καί
1021 3915 1117 3995 χορός·
1140 3914 1169 3975 εί
1190 3910 1223 3974 δέ
1246 3909 1314 3974 καθ’
1341 3910 1394 3972 έυα
1413 3910 1494 3989 ἐτέμ-

256 4053 344 4108 νετο,
366 4025 527 4108 ύτιυκριταλ
551 4026 716 4088 ἐκαλοῦντο
738 4037 832 4111 κοινῷ
855 4037 894 4111 τῷ
919 4024 1045 4106 όνόματι
1068 4027 1120 4089 δεδι
1143 4028 1176 4090 τό
1200 4026 1418 4106 μὴδύνασθαι
1441 4036 1496 4108 μιᾷ

256 4146 361 4224 κλήσει
385 4147 620 4224 περιειληφθαι,
641 4139 682 4214 ὡς
706 4138 722 4202 6
745 4140 833 4222 χορός
855 4138 907 4201 καλ
928 4140 965 4202 τδι
987 4137 1139 4222 ἡμιγόρια.
1166 4142 1356 4221 διαιροῦνται
1379 4139 1436 4222 γάρ
1459 4139 1496 4199 τά

291 4368 314 4433 1)
331 4366 464 4430 τοιούτους]
490 4365 635 4419 τοσούτουςλ
662 4363 702 4412 of.
728 4366 873 4427 ἰσαρίθμους
898 4364 912 4422 fl
936 4366 968 4412 88
994 4367 1023 4412 et
1048 4365 1105 4411 ἐστιν
1128 4368 1217 4423 στίχοι
1246 4376 1305 4422 ptg.
1329 4363 1387 4418 184,
1410 4362 1433 4408 1.
1463 4385 1494 4398 ·-

258 4452 424 4509 Quamquam
447 4448 496 4494 hu
519 4444 610 4493 οοτδοτ
632 4444 764 4502 οοτεὶςοεε
788 4441 852 4509 quid
875 4443 982 4490 ιιίίοοίί
1000 4443 1065 4491 Nam
1084 4456 1151 4501 quae
1169 4439 1213 4488 hio
1233 4439 1306 4488 etin
1324 4441 1497 4501 sequentibus

259 4532 302 4589 ἕξ
328 4528 454 4588 leguntur
482 4525 620 4573 dolinntin
648 4524 737 4584 potius
768 4523 882 4570 hominis
912 4521 1024 4569 dioondn
1052 4525 1114 4570 εσιί
1141 4521 1222 4569 verbu
1249 4533 1329 4579 quam
1361 4521 1438 4568 docte
1470 4523 1497 4567 ελ

258 4610 405 4670 prudenter
422 4606 593 4666 disputantis.

292 4685 373 4748 ¹)ch
391 4688 430 4733 καλ
447 4687 539 4739 νυκτός,
557 4687 671 4749 ούρανοῦ,
690 4681 777 4746 ἡμέρας
793 4682 833 4728 καί
849 4682 988 4744 διακτόρου
1006 4679 1081 4728 codd.

292 4765 372 4829 Ἶοί.
398 4767 462 4826 §81
490 4766 517 4810 ελ
542 4777 602 4822 ρας.
626 4764 674 4810 180
699 4758 778 4818 infru,
801 4757 848 4807 ubi
871 4759 942 4819 quod
965 4760 1064 4818 legitur
1088 4761 1126 4807 δαί
1150 4760 1176 4807 τὸ
1200 4760 1304 4823 θέατρον
1326 4762 1416 4807 nostro
1437 4759 1497 4806 Ιοοο

262 4847 376 4895 absurde
395 4848 435 4892 οτι
453 4848 616 4903 corruptum.
