4067 5950
555 785 599 846 58
1076 801 1119 848 oa
1141 801 1267 848 romu

556 971 643 1032 sium
675 971 754 1033 urbs
785 977 874 1036 esset
904 975 984 1052 sita,
1017 975 1117 1036 rideri
1146 989 1184 1035 se
1207 977 1300 1035 ratus
1326 973 1432 1050 ,ohe”
1454 974 1636 1036 clamabat:
1663 990 1785 1050 ,apage

555 1088 676 1160 nugas!
702 1087 783 1148 Istic
805 1087 835 1148 ei
859 1091 940 1150 sunt
959 1089 1125 1164 Athenae,
1151 1087 1265 1162 quidni
1289 1087 1384 1148 video
1407 1087 1533 1148 ludices
1556 1083 1754 1149 sedentes?”

599 1199 725 1275 Nempe
759 1201 922 1262 iudicibus
957 1201 1072 1263 orbam
1103 1215 1179 1262 cum
1211 1200 1329 1263 urbem
1360 1215 1458 1262 suam
1488 1198 1611 1277 tingere
1634 1201 1785 1261 sibinen

554 1315 668 1387 posset
690 1313 911 1391 Strepsiades,
936 1312 1046 1375 fllium
1070 1314 1255 1375 iniustitiae
1279 1313 1469 1375 consultum
1492 1311 1564 1375 fleri
1586 1313 1697 1375 iussit.

599 1426 812 1488 Pullulabant
835 1427 892 1488 illo
916 1428 1067 1504 tempore
1091 1427 1233 1489 Athenis
1252 1427 1378 1488 iudices
1397 1429 1432 1488 et
1451 1441 1627 1488 cansarum
1645 1428 1785 1502 patroni.

556 1540 642 1600 Ante
673 1554 795 1615 paucos
826 1542 938 1603 antem
962 1555 1068 1602 annos
1091 1539 1211 1602 Oleone
1235 1543 1370 1602 auctore
1392 1540 1558 1617 perlatum
1582 1543 1655 1602 erat
1676 1540 1787 1616 populi

556 1651 693 1729 scitum,
718 1657 755 1714 ut
778 1653 904 1716 iudices
928 1654 1072 1730 singulis
1094 1652 1210 1715 diebus
1232 1668 1299 1715 non
1321 1667 1424 1714 unum
1448 1652 1596 1728 obolum,
1616 1655 1784 1727 1111111,

556 1766 614 1826 sed
637 1765 815 1827 triobolum
836 1770 1014 1832 mererent.
1040 1768 1128 1843 Quae
1146 1783 1200 1828 ree
1220 1767 1338 1828 multis
1358 1766 1486 1828 civibus
1504 1767 1673 1842 proderat,
1695 1782 1786 1841 prae·

556 1879 673 1939 sertim
695 1880 751 1952 qni
773 1882 883 1942 aetate
908 1884 1023 1943 essent
1046 1881 1261 1959 provectiore.
1293 1880 1387 1941 Multi
1410 1880 1501 1941 enim
1523 1880 1605 1940 tunc
1626 1880 1788 1955 temporis

556 1993 590 2052 in
622 1993 701 2054 urbe
732 1994 895 2070 degebant
927 1996 994 2056 otio
1025 2011 1126 2070 quam
1157 1994 1297 2071 pecunia
1328 1995 1438 2070 magis
1461 1993 1650 2068 affluentes,
1673 1994 1729 2066 qui
1754 1993 1787 2052 in

556 2109 651 2168 tanta
674 2122 785 2168 rerum
809 2109 1068 2184 promercalium
1094 2107 1231 2169 caritate
1255 2106 1440 2181 quamlibet
1463 2106 1671 2168 occasionem
1693 2120 1788 2165 num·

557 2235 686 2282 morum
720 2221 843 2295 aliquid
874 2223 1015 2283 honesta
1046 2223 1175 2282 ratione
1205 2220 1411 2297 adipiscendi
1442 2219 1637 2280 avidissime
1659 2220 1790 2295 appete·

555 2333 645 2394 bant.
666 2334 785 2411 Inopes
805 2335 906 2409 igitur
927 2349 1026 2396 senes
1045 2334 1203 2410 permulti
1226 2334 1366 2395 libenter
1388 2348 1426 2394 se
1448 2332 1612 2394 sistebant
1630 2331 1672 2391 ad
1691 2330 1788 2392 sorti·

556 2447 682 2508 tionem
714 2448 875 2525 iudicum,
908 2451 940 2510 et
966 2447 1192 2525 compluribus
1214 2446 1366 2508 millibus
1388 2446 1564 2506 hominum
1589 2444 1667 2504 binc
1688 2442 1791 2504 flebat

556 2561 651 2636 panis
682 2561 905 2634 quotidianus.
938 2561 998 2622 Vel
1030 2561 1078 2622 sic
1109 2563 1222 2622 autem
1254 2560 1356 2621 nimis
1378 2559 1523 2634 exiguus
1547 2559 1618 2618 erat
1641 2557 1787 2618 iudicum

555 2687 729 2750 numerus,
750 2675 869 2749 ingens
889 2675 977 2735 enim
998 2675 1092 2750 copia
1111 2674 1222 2734 litium
1241 2674 1313 2734 erat
1332 2672 1537 2749 dirimenda,
1550 2686 1627 2731 cum
1642 2685 1789 2746 praeser-

554 2787 617 2847 tim
637 2788 780 2862 undique
799 2788 833 2848 in
854 2788 970 2849 urbem
990 2790 1207 2850 convenirent
1226 2789 1307 2848 socii
1327 2789 1367 2849 ad
1388 2801 1508 2848 causas
1527 2785 1689 2858 orandae;
1708 2801 1789 2845 nam

557 2900 596 2959 de
619 2900 737 2960 horum
762 2916 889 2976 quoque
912 2902 1028 2964 litibus
1050 2903 1191 2979 publicis
1213 2903 1266 2962 ius
1290 2899 1460 2962 dicebatur
1482 2899 1635 2961 Athenis.

602 3014 729 3074 Siccine
759 3016 912 3077 mutatae
943 3016 1113 3077 Athenaei
1141 3015 1324 3076 Ludicrane
1354 3015 1465 3089 magis
1496 3028 1550 3073 res
1580 3028 1624 3073 an
1655 3013 1791 3073 tristis?

556 3127 759 3188 Rabularum
794 3126 934 3189 artificia
969 3128 1167 3189 diudicando
1201 3127 1512 3189 Marathonomachi
1546 3125 1691 3188 triobola
1719 3126 1790 3186 iam

556 3242 686 3301 merent
710 3240 839 3302 diurna.
866 3241 1025 3317 Quicquid
1049 3242 1152 3302 111111
1176 3242 1330 3316 superest
1352 3256 1395 3301 ex
1418 3239 1591 3315 splendido
1614 3239 1673 3300 illo
1694 3254 1791 3316 aevo,

556 3370 619 3427 quo
642 3353 768 3414 Graeca
791 3369 873 3428 gens
904 3355 1078 3428 sanguinis
1101 3356 1300 3427 animaeque
1323 3354 1463 3430 prodiga
1485 3351 1637 3414 barbaris
1660 3353 1791 3430 propul-

556 3468 640 3527 satis
675 3466 842 3527 libertatis
877 3467 1096 3528 fundamenta
1130 3468 1208 3528 iecit
1241 3466 1451 3544 firmissima,
1486 3467 1673 3527 nummulis
1702 3481 1794 3527 nunc

555 3580 674 3658 inhiat,
711 3595 818 3655 neque
852 3581 1030 3655 quicquam
1064 3581 1235 3655 antiquius
1269 3581 1394 3642 habent
1427 3581 1582 3641 homines
1610 3580 1792 3655 grandaevi

543 3709 657 3767 cuam
689 3698 726 3757 ut
756 3694 897 3755 sedeant
927 3695 1063 3756 iudices.
1095 3696 1158 3756 Pro
1189 3695 1256 3756 1111
1287 3695 1354 3756 iam
1386 3696 1439 3755 est
1465 3694 1680 3769 suffragium,
1704 3694 1792 3766 quod

556 3823 631 3867 cum
666 3808 778 3882 digitis
814 3809 931 3868 111111
965 3808 1138 3884 tremulis,
1179 3808 1281 3869 nullis
1322 3807 1520 3868 mortalibus
1554 3806 1692 3869 secundi
1725 3806 1794 3867 sibi

557 3921 721 3997 videntur,
755 3921 875 3997 quippe
899 3922 1104 3982 sententiam
1127 3923 1237 3997 prouti
1262 3921 1407 3982 lubitum
1437 3921 1538 3981 fuerit
1561 3920 1663 3981 laturi
1683 3935 1793 3993 neque

557 4035 705 4095 rationes
736 4035 899 4095 reddituri
924 4036 1090 4109 cuiquam.
1115 4035 1173 4095 Vir
1196 4038 1310 4096 autem
1334 4035 1553 4095 nobiliacum
1577 4035 1611 4094 in
1632 4034 1794 4094 iudicium

558 4150 697 4209 vocatus
732 4148 873 4223 supplex
909 4163 967 4209 111
1002 4149 1074 4209 1111
1108 4163 1312 4221 manumque
1342 4148 1383 4208 111
1414 4148 1550 4224 praebet
1583 4146 1692 4223 illam,
1726 4161 1794 4219 qua

557 4277 677 4321 aurum
720 4278 762 4322 ex
797 4264 926 4322 aerario
968 4261 1100 4338 publico
1137 4278 1243 4337 nuper
1277 4263 1449 4338 surripuit,
1485 4261 1603 4336 gaudio
1637 4261 1795 4336 panditur

558 4376 675 4448 pectus
707 4374 864 4436 anhelum
898 4379 931 4437 11
962 4377 1121 4437 Graeciae
1153 4378 1305 4438 dominos
1328 4393 1365 4438 11
1389 4379 1421 4438 11
1446 4378 1603 4439 concione
1626 4378 1667 4439 ab
1690 4376 1794 4436 orato·

558 4488 651 4548 ribus
686 4502 751 4548 non
787 4488 912 4550 frustra
947 4491 1128 4551 identidem
1164 4491 1276 4552 vocari
1310 4491 1412 4566 probe
1449 4493 1666 4553 sentiunt...
1686 4492 1795 4553 denuo

558 4601 715 4661 nimirum
749 4603 842 4676 pueri
873 4602 955 4663 facti
986 4619 1085 4664 11111
1116 4605 1287 4681 decrepiti,
1321 4604 1440 4678 quibus
1470 4608 1568 4666 nocte
1592 4606 1796 4680 intempesta

558 4715 763 4788 surgendum
787 4717 841 4775 est
864 4716 1024 4793 quotidie,
1048 4717 1231 4793 poplitibus
1258 4719 1374 4793 rigidis
1397 4719 1506 4779 iorum
1530 4718 1660 4779 citatim
1686 4722 1796 4794 peten-

559 4827 654 4903 dum,
691 4829 727 4886 ut
758 4830 848 4889 sorte
882 4844 958 4889 cum
986 4830 1150 4892 ducantur
1181 4832 1318 4893 nomina
1346 4832 1508 4908 iudicum,
1532 4832 1621 4892 iusto
1644 4834 1796 4907 tempore
