4067 5950
550 756 592 816 74
1071 774 1112 819 nr
1135 772 1260 818 serras

594 942 708 1016 Itaque
730 943 843 1005 Niciae
867 945 977 1019 gratia
999 943 1104 1005 nihilo
1128 943 1190 1004 luit
1214 942 1361 1004 vivacior
1383 956 1483 1015 quam
1507 941 1616 1002 ruerat
1638 940 1782 1001 Cleonis.

550 1055 611 1131 Qui
642 1056 847 1132 expectando
879 1057 913 1117 et
942 1060 1039 1118 caute
1071 1056 1265 1118 abstinendo
1296 1057 1430 1131 tempus
1460 1054 1667 1129 transigebat
1691 1053 1784 1128 pacis

549 1172 676 1246 auctor,
711 1185 777 1232 non
812 1171 951 1232 meliora
982 1173 1035 1232 est
1067 1174 1241 1232 assecutus
1270 1185 1370 1245 quarn
1402 1170 1459 1243 qui
1489 1169 1529 1230 ad
1553 1183 1623 1230 rern
1648 1169 1784 1228 strenue

548 1283 727 1358 gerendam
763 1283 853 1345 cives
887 1285 1087 1346 incitaverat
1122 1284 1191 1350 dux
1225 1285 1370 1360 partium
1408 1281 1628 1359 popularium.
1655 1281 1784 1342 Revera

548 1411 657 1457 novae
680 1397 833 1458 induciae
855 1396 989 1458 fuerant
1012 1397 1128 1474 initas,
1153 1412 1219 1473 pax
1239 1412 1320 1458 vera
1339 1399 1373 1458 et
1392 1395 1489 1458 firma
1507 1410 1574 1457 non
1595 1393 1784 1466 eratiacta,

548 1512 583 1569 et
605 1509 645 1569 ad
674 1509 848 1570 civitatem
880 1524 939 1585 per
961 1525 1123 1572 novorum
1148 1510 1369 1584 periculorum
1394 1509 1647 1570 vicissitudines
1669 1522 1784 1580 regen·

549 1623 626 1682 dam
649 1620 777 1684 firmior
799 1624 911 1697 aliqua
933 1638 1033 1697 quarn
1058 1624 1170 1684 Niciae
1195 1623 1423 1697 requirebatur
1444 1638 1576 1684 manus.

595 1848 689 1911 Alter
720 1849 865 1912 Pericles
894 1850 1025 1912 utinam
1049 1852 1129 1911 tunc
1152 1850 1337 1911 extitisset!
1364 1849 1504 1910 Utinam
1528 1849 1570 1924 is,
1596 1862 1696 1923 quem
1723 1847 1782 1907 ior·

549 1965 631 2024 tuna
672 1963 714 2024 ad
755 1964 864 2025 nobile
904 1963 985 2025 illud
1029 1962 1172 2024 officium
1211 1964 1363 2039 vocabat,
1407 1962 1494 2023 haud
1529 1962 1703 2036 indignum
1748 1975 1782 2019 se

550 2075 775 2151 praebuissetl

595 2188 777 2250 Praeclaris
800 2189 897 2251 donis
920 2190 952 2249 di
976 2189 1233 2251 cumulaverant
1256 2189 1392 2251 Periclis
1411 2189 1507 2250 illum
1531 2186 1781 2249 consobrinum:

549 2304 597 2379 id,
629 2301 716 2376 quod
743 2317 848 2363 unum
872 2302 1023 2364 omnium
1047 2305 1098 2363 est
1121 2303 1300 2379 optimum,
1329 2303 1359 2364 ei
1383 2303 1598 2378 denegarant.
1630 2299 1680 2359 Ad
1706 2300 1782 2360 civi·

551 2418 657 2476 tatem
681 2415 929 2490 gubernandam
952 2415 1036 2476 nihil
1060 2431 1134 2476 eum
1159 2413 1332 2477 deficiebat
1354 2417 1485 2492 praeter
1507 2418 1615 2475 artem
1636 2412 1782 2487 sibiipsi

551 2528 748 2603 imperandi.
783 2527 937 2605 corporis
971 2531 1045 2589 erat
1078 2529 1179 2591 decus
1210 2531 1242 2590 et
1268 2529 1368 2590 robur
1399 2526 1558 2604 iuvenile,
1582 2528 1677 2587 erant
1702 2541 1782 2601 opes

549 2641 679 2715 regales
709 2645 743 2702 et
771 2658 894 2703 nomen
924 2642 1204 2720 illustrissimum,
1230 2645 1326 2703 erant
1349 2642 1473 2717 ingenii
1495 2640 1665 2701 mobilitas
1691 2653 1783 2698 men·

549 2756 659 2829 tisque
701 2770 855 2831 acumen,
899 2759 971 2817 erat
1004 2756 1172 2831 facundia,
1210 2759 1281 2817 erat
1321 2754 1497 2830 fortitudo,
1533 2755 1603 2814 erat
1640 2755 1783 2826 denique

550 2868 682 2930 occasio
702 2885 767 2942 qua
789 2869 892 2930 variis
916 2870 968 2930 his
992 2870 1147 2931 fortunae
1170 2867 1338 2950 beneficiis
1361 2870 1394 2928 in
1418 2867 1544 2943 patriae
1566 2867 1781 2928 commodum

550 2982 627 3043 belli
645 2982 799 3057 domique
815 2986 975 3061 uteretur,
1067 2984 1124 3045 sed
1148 2984 1287 3045 aberant
1308 2982 1487 3057 integritas
1511 2984 1545 3042 et
1569 2981 1782 3041 continentia

549 3096 666 3168 Itaque
700 3094 799 3157 ludus
833 3097 864 3156 ei
898 3095 960 3157 luit
995 3098 1080 3173 vita,
1116 3112 1215 3172 quem
1246 3095 1363 3157 ludum
1394 3096 1552 3156 audacter
1583 3094 1718 3167 quidem
1751 3094 1783 3151 et

550 3207 702 3269 sollerter
735 3207 829 3285 lusit,
868 3210 927 3270 sed
962 3211 1191 3272 inconstanter
1222 3211 1255 3271 et
1286 3225 1344 3284 pro
1375 3208 1539 3281 lubidine;
1570 3210 1603 3268 et
1635 3207 1686 3267 vir
1709 3206 1781 3280 ille,

550 3336 614 3395 quo
649 3336 748 3381 nemo
779 3322 821 3381 ad
852 3322 1021 3384 civitatem
1053 3323 1210 3399 periculis
1241 3324 1444 3400 eripiendam
1475 3323 1539 3384 fuit
1566 3321 1684 3397 aptior,
1709 3320 1784 3395 plus

550 3447 651 3506 quam
688 3432 776 3494 alius
810 3433 986 3507 quisquam
1022 3434 1108 3495 inter
1142 3435 1297 3508 aequales
1332 3435 1474 3496 contulit
1505 3435 1545 3495 ad
1577 3433 1677 3494 malis
1709 3446 1783 3493 eam

551 3547 780 3623 magensem,
805 3547 858 3607 sui
882 3562 981 3620 quarn
1004 3549 1130 3624 patriae
1153 3551 1329 3611 amantior.
1350 3549 1423 3609 Non
1441 3562 1502 3608 rex
1517 3548 1728 3607 Athenarum
1745 3578 1782 3588 -

551 3661 622 3722 sive
657 3661 845 3722 diademate
876 3662 1006 3723 cinctus
1037 3664 1110 3724 sive
1143 3678 1259 3725 carens
1284 3697 1324 3708 —
1353 3662 1461 3723 evasit
1491 3660 1693 3733 Alcibiades,
1726 3658 1784 3719 sed

552 3775 702 3851 perditus
726 3776 819 3835 audit
842 3776 1052 3836 Athenarum
1076 3773 1175 3836 filius.

597 3888 708 3949 Niciae
748 3889 864 3949 tamen
900 3889 988 3950 haud
1030 3904 1195 3963 quaquam
1230 3889 1395 3964 imparem
1431 3904 1510 3949 mox
1545 3901 1582 3947 se
1616 3886 1785 3963 praestitit

552 4002 683 4063 iuvenis
707 4000 763 4061 ille
786 4001 941 4077 petulans
966 4004 999 4063 et
1024 4001 1250 4077 voluptatibus
1273 4001 1418 4077 deditus,
1433 4036 1472 4047 -
1491 4002 1595 4061 immo
1618 4000 1785 4074 aliquanto

553 4114 768 4189 superiorem.
803 4114 854 4175 Ad
884 4114 1022 4176 Periclis
1052 4118 1165 4175 autem
1197 4116 1231 4175 et
1266 4113 1398 4176 Cleonis
1427 4114 1538 4175 studia
1566 4128 1721 4175 reversus
1754 4112 1785 4172 et

553 4227 692 4303 Spartae
727 4227 911 4288 amicitiam
946 4230 1147 4302 aspernatus
1188 4242 1264 4287 cum
1299 4226 1434 4302 Argivis
1469 4227 1653 4301 horumque
1687 4226 1785 4286 sociis

553 4339 738 4401 Arcadibus
768 4340 900 4400 foedere
924 4339 1043 4401 callide
1065 4341 1149 4401 inito
1173 4340 1281 4401 effecit
1302 4343 1340 4401 ui
1363 4340 1636 4401 Lacedaemoniis
1658 4341 1692 4399 in
1715 4340 1786 4413 ipsa

552 4454 781 4529 Peloponneso
818 4456 1039 4529 exsurgerent
1073 4454 1256 4515 adversarii
1290 4468 1389 4528 quam
1426 4453 1576 4513 maxime
1606 4452 1785 4513 metuendi.

553 4569 650 4628 Anno
674 4567 740 4626 418
760 4568 801 4627 ad
824 4566 1029 4627 Mantineam
1054 4566 1249 4626 dimicatum
1274 4568 1340 4642 est,
1364 4564 1422 4625 uhi
1441 4565 1692 4627 Lacedaemonii
1711 4580 1784 4626 cum

554 4678 674 4739 ceteris
708 4680 864 4741 hostibus
898 4679 990 4741 mille
1022 4682 1055 4741 et
1088 4682 1257 4740 trecentos
1287 4678 1510 4739 Athenienses
1540 4678 1604 4738 sibi
1636 4680 1787 4740 viderunt

555 4794 738 4868 oppositos,
769 4792 918 4867 ipsorum
952 4793 1107 4854 videlicet
1140 4792 1302 4868 „socios”.
1334 4790 1436 4851 Ouius
1459 4790 1575 4866 praelii
1598 4791 1786 4865 gravissimi
