4067 5950
609 801 651 846 nn
674 799 800 846 ronrar
822 799 903 846 rrra
924 800 964 846 rr
988 799 1158 846 ornamus.
1435 785 1496 845 141

262 974 358 1036 trudi
374 975 507 1037 voluere
527 974 593 1051 dei,
613 974 671 1036 sed
689 974 840 1051 ipsarum
859 972 946 1036 filios
964 974 1039 1036 odio
1051 972 1185 1049 capitali
1197 973 1331 1034 interae
1342 973 1501 1049 iugulare.

263 1088 388 1150 Portae
410 1091 589 1165 postquam
609 1091 756 1166 apertae,
779 1103 883 1150 nares
901 1087 1043 1150 ultimae
1060 1088 1202 1164 deditae,
1217 1089 1349 1150 moenia
1361 1088 1502 1164 deiecta,

264 1217 380 1263 rerum
404 1203 500 1279 potiti
523 1206 604 1264 sunt
625 1202 765 1280 triginta
785 1202 835 1263 illi
858 1203 935 1277 viri,
960 1218 1044 1277 quos
1066 1203 1206 1278 triginta
1226 1203 1388 1278 tyrannos
1410 1205 1504 1264 aetas

265 1317 434 1378 recentior
463 1316 618 1379 liberiore
649 1317 794 1393 quodam
825 1315 982 1391 loquendi
1012 1331 1077 1377 usu
1108 1315 1166 1376 sed
1195 1315 1369 1391 aptissimo
1392 1315 1506 1389 utique

265 1431 406 1492 nomine
440 1431 637 1508 designarit.
672 1431 756 1492 Nam
791 1429 1003 1506 tyrannidem
1038 1429 1095 1505 qui
1126 1428 1283 1490 ultimum
1314 1428 1441 1490 malum
1471 1431 1505 1489 et

266 1545 482 1620 opprobrium
512 1544 678 1606 duxerant
707 1545 930 1606 Athenienses
959 1542 1125 1605 libertatis
1152 1543 1392 1616 amantissimi,
1419 1541 1505 1616 quod

266 1660 308 1719 ut
355 1659 506 1735 fugerent
547 1658 730 1721 identidem
764 1658 1074 1735 praestantissimos
1109 1657 1198 1718 cives
1232 1656 1342 1719 solum
1377 1659 1506 1718 vertere

266 1772 453 1849 iusserant,
489 1787 597 1834 norus
631 1788 673 1834 ne
703 1774 899 1848 exsurgeret
931 1772 1128 1833 Pisistratus
1162 1769 1276 1833 sedulo
1311 1785 1442 1847 semper
1473 1773 1507 1832 et

269 1888 372 1947 anxie
403 1887 575 1962 caventes,
609 1918 650 1930 -
685 1886 741 1961 qui
772 1885 806 1947 in
835 1885 1006 1947 Alcibiade
1027 1886 1207 1960 tyrannum
1231 1886 1381 1947 futurum
1404 1899 1508 1962 nuper

268 2015 374 2074 quam
398 2000 545 2060 maxime
568 1998 881 2076 reformidarem,
897 2044 905 2062 .
919 2044 949 2062 ..
974 1998 1027 2060 his
1049 1999 1188 2075 triginta
1210 2001 1276 2061 iam
1300 2001 1427 2062 domini
1449 2015 1507 2077 pro

170 2127 171 2130 ’
268 2115 378 2177 lubito
407 2116 500 2177 iussa
531 2114 654 2176 dabant
684 2130 760 2177 vere
789 2115 974 2190 tyrannica.
1003 2114 1138 2193 „Populi
1160 2115 1273 2176 devoti
1296 2114 1507 2191 superblam”

272 2229 310 2289 hi
332 2230 503 2305 fregerunt
527 2244 603 2290 cnm
628 2229 753 2290 civium
777 2228 876 2290 caede
899 2229 1056 2304 plurima.
1080 2228 1169 2290 Mille
1195 2231 1228 2290 et
1251 2230 1507 2304 quingentarum

272 2344 423 2405 vitarum
446 2344 552 2420 pretio
576 2342 718 2404 Athenis
741 2342 892 2404 constitit
915 2342 1130 2419 optimatium
1154 2343 1301 2419 regimen
1320 2337 1350 2422 ¹),
1375 2343 1410 2402 et
1427 2341 1511 2417 prls-

272 2457 368 2518 tinae
403 2455 520 2518 classis
549 2455 684 2518 navalia
715 2453 924 2516 demolienda
955 2455 1175 2516 vendiderunt
1203 2455 1341 2532 triginta
1363 2454 1411 2515 illi
1433 2454 1511 2516 boni

272 2570 355 2646 viri,
378 2569 496 2645 quibus
515 2570 583 2631 iam
603 2569 791 2632 concredita
809 2570 862 2631 est
880 2569 1030 2630 civitatis
1046 2568 1139 2631 salus
1154 2564 1188 2641 ¹).
1204 2569 1330 2644 Nempe
1342 2568 1510 2631 redibatur

273 2685 317 2747 ad
341 2685 443 2760 prisci
466 2686 540 2746 aevi
561 2684 689 2746 studiat
709 2684 802 2745 ll'inls
820 2686 893 2745 erat
910 2684 1019 2745 status
1038 2683 1207 2760 popularis
1225 2685 1258 2744 et
1275 2681 1351 2744 finis
1371 2683 1509 2744 dominii

273 2799 505 2861 maritimi...

321 2911 538 2988 Aristophani
572 2910 602 2972 si
635 2910 713 2985 quid
748 2911 850 2972 etlam
884 2910 1034 2971 restabat
1063 2910 1103 2972 de
1134 2910 1273 2974 candida
1300 2909 1377 2989 ilde,
1408 2926 1507 2987 quarn

273 3026 492 3101 optimatium
514 3026 691 3102 promissis
714 3026 794 3087 olim
818 3025 993 3102 habuerat,
1018 3060 1060 3071 -
1081 3029 1115 3087 et
1133 3041 1295 3088 annorum
1315 3027 1510 3090 iuvenilium

273 3140 488 3222 opinionibus
511 3140 589 3215 quid
613 3141 782 3202 vivacius!
808 3172 849 3185 ·-
873 3141 955 3201 tunc
978 3140 1080 3201 etiam
1103 3140 1240 3202 ultimas
1263 3140 1338 3203 illas
1355 3142 1511 3216 reliquiae

275 3254 405 3316 amisit.
428 3254 512 3316 ituri
535 3254 616 3316 celsi
639 3257 672 3315 et
695 3252 896 3330 firmissimi,
924 3253 1044 3327 quibus
1067 3254 1218 3316 Athenae
1241 3255 1356 3317 Piraeo
1378 3255 1510 3317 iunctae

275 3371 314 3428 et
343 3367 378 3427 in
408 3368 551 3443 quinque
580 3370 737 3429 horarum
768 3366 933 3428 ambitum
965 3367 1242 3431 circummunitae
1263 3370 1409 3446 fuerant,
1435 3383 1510 3431 oum

274 3481 374 3543 iussu
406 3481 542 3542 victoris
570 3480 787 3558 deicerentur,
814 3479 916 3543 flebili
947 3480 995 3541 illi
1026 3482 1142 3543 ruinae
1168 3481 1259 3544 tibiis
1282 3483 1387 3544 accini
1409 3482 1510 3544 iusse-

274 3597 360 3655 runt
381 3594 512 3655 factiosi
534 3594 700 3672 homines,
721 3609 861 3669 quorum
882 3609 1016 3656 summa
1035 3594 1102 3655 iam
1122 3595 1156 3655 in
1176 3594 1365 3657 miserrima
1377 3597 1511 3658 civitate

276 3710 354 3769 erat
375 3710 538 3785 potestas,
562 3711 722 3784 tanquam
746 3708 776 3768 si
798 3708 925 3770 laetum
950 3708 1081 3783 aliquod
1100 3709 1261 3771 sollemne
1281 3710 1512 3797 celebraretur.

275 3823 323 3883 Et
344 3822 428 3897 ipsis
450 3821 596 3897 profecto
615 3821 852 3883 dominationis
870 3822 932 3883 hoc
951 3825 1023 3883 erat
1041 3822 1186 3885 initium.
1208 3823 1270 3884 Sed
1289 3840 1354 3885 non
1367 3823 1513 3885 laetatus

276 3938 335 3997 est
353 3934 595 4011 Aristophanes
614 3949 690 3996 cum
710 3934 864 3996 exulibus
884 3951 904 3997 a
919 3936 1091 4012 Lysandro
1108 3936 1253 3998 reductis
1271 3938 1510 4015 propterbono·

275 4065 355 4110 rum
375 4049 522 4110 virorum
543 4082 585 4092 -
605 4063 669 4124 quo
692 4049 827 4110 nomine
846 4048 910 4124 lpsi
928 4064 965 4111 se
984 4050 1173 4126 praedicare
1192 4050 1345 4112 solebant
1366 4086 1405 4095 -
1426 4054 1512 4114 hano
1596 4072 1597 4075 ¹

275 4163 537 4239 prosperitatem
559 4162 688 4239 patriae
712 4162 1011 4223 luctuosissimam.
1035 4164 1073 4225 In
1095 4164 1200 4225 Ranis
1219 4163 1330 4224 fabula
1349 4179 1405 4225 ore
1423 4180 1511 4240 cory-

276 4276 381 4352 phaei
410 4276 555 4338 iusserat
578 4278 670 4339 cives
693 4276 773 4338 urbe
795 4276 912 4352 pulsos
934 4276 1095 4353 revocari,
1119 4277 1246 4338 multos
1270 4279 1342 4339 tum
1366 4280 1513 4353 cogitans

277 4390 478 4465 quibuscum
500 4390 712 4452 familiariter
734 4392 834 4451 antea
856 4390 1098 4466 consuevisset,
1117 4390 1173 4451 sed
1193 4389 1299 4466 ipsius
1318 4392 1512 4466 praesertim

279 4504 430 4564 civitatis
454 4506 604 4580 cogitans
627 4504 773 4565 salutem
798 4505 832 4564 et
855 4502 1031 4564 consilium
1055 4503 1139 4576 quod
1162 4504 1238 4564 huic
1260 4503 1389 4580 profore
1407 4502 1512 4580 spere·

315 4786 335 4851 ¹)
354 4788 435 4835 Isoor.
453 4787 503 4835 ΧΠ
519 4787 534 4847 θ
552 4788 594 4845 ei,
611 4787 656 4835 XX
674 4788 688 4846 5
708 4789 748 4849 11,
764 4788 800 4835 IV
817 4788 831 4846 5
850 4785 1512 4851 118,Aeschin111§asb‚[hr.]1tep.hth.sb§4.

315 4878 338 4940 ²)
356 4881 437 4927 Isoer.
454 4878 504 4928 vn
521 4878 535 4938 ὓ
553 4881 594 4926 dd.
