4067 5950
726 789 803 834 vrrs
827 789 866 833 11
890 789 1059 834 6111116116.
1485 775 1504 833 3

277 961 462 1036 Ceciderat,
495 940 651 1036 perierat,
676 977 719 1021 ex
742 960 917 1021 hominum
944 962 1124 1036 conspectu
1147 960 1300 1022 sublatus
1323 970 1507 1023 616161161-

278 1076 366 1136 citus
388 1074 458 1150 ille,
483 1075 539 1147 qui
561 1074 702 1135 flumina
725 1075 909 1135 siccaverat
931 1074 1072 1135 bibendo
1091 1091 1153 1135 nec
1171 1089 1227 1150 per
1246 1075 1356 1151 capita
1375 1076 1432 1136 sed
1452 1091 1509 1152 per

275 1189 430 1263 iugerum
454 1203 538 1261 quae
561 1187 723 1264 implebat
746 1204 923 1249 numerum
948 1190 1020 1249 erat
1043 1189 1248 1262 recensitus;
1273 1190 1448 1265 ceciderat,
1473 1190 1511 1248 ut

277 1304 431 1376 segetum
464 1302 587 1362 aristae
618 1303 812 1363 innumerae
843 1302 905 1362 sub
935 1302 1077 1363 falcibus
1107 1317 1307 1363 messorum.
1335 1303 1373 1363 In
1396 1303 1511 1363 Persia

276 1415 507 1477 defensoribus
536 1414 651 1477 orbata
681 1419 855 1476 matronae
886 1417 1046 1478 Susianae
1077 1417 1233 1477 luxerant
1254 1416 1341 1478 filios
1365 1425 1508 1494 ereptos,

277 1535 312 1592 et
343 1531 414 1606 ipse
445 1545 504 1591 rex
534 1531 569 1589 in
597 1531 722 1604 regiam
752 1533 925 1606 paternam
956 1531 1050 1590 solus
1080 1546 1122 1592 ex
1151 1532 1278 1606 ingenti
1309 1532 1366 1592 illa
1397 1535 1509 1608 strage

276 1647 435 1722 redierat,
460 1645 576 1706 furtim
596 1645 740 1705 nectam
760 1645 936 1721 superbus,
957 1646 1014 1705 sed
1037 1660 1169 1706 mersus
1187 1646 1298 1707 dolore
1319 1649 1353 1707 et
1372 1647 1507 1723 pudore,

277 1761 416 1821 inermis
440 1763 473 1821 61
496 1762 590 1820 veste
612 1759 731 1821 lacera.

324 1876 376 1935 Sic
398 1873 523 1935 bellum
545 1874 642 1950 illud,
663 1889 727 1947 quo
752 1873 866 1936 Graeci
889 1874 1077 1935 libertatem
1105 1876 1330 1950 asseruerunt,
1356 1875 1508 1936 laudibus

277 1989 466 2049 immodicis
497 1988 700 2049 celebratum
731 1990 795 2064 est,
828 2003 891 2049 non
919 1987 1509 2064 661111116611111116666161111

278 2104 407 2177 patriae
429 2102 532 2176 gloria
556 2101 720 2163 elatorum
744 2117 902 2176 sacroque
925 2103 1033 2163 iurore
1052 2103 1304 2179 instinctorum,
1329 2103 1509 2164 sedetiam

277 2218 314 2276 in
349 2216 456 2276 verbis
491 2218 658 2276 oratorum
697 2215 903 2291 publicorum
941 2219 975 2278 et
1008 2217 1043 2276 in
1077 2217 1171 2277 libris
1205 2217 1419 2292 scriptorum,
1456 2233 1509 2278 166

278 2332 392 2406 gestae
422 2344 576 2391 sermone
608 2330 754 2403 pedestri
782 2330 1007 2390 enarrantium
1039 2333 1072 2391 et
1098 2330 1234 2390 nomina
1256 2330 1329 2390 loca
1351 2346 1509 2392 numeros

277 2446 395 2506 sedula
424 2461 503 2506 cura
533 2446 759 2506 referentium.
790 2443 956 2505 Vivebant
980 2445 1083 2506 etiam
1107 2444 1163 2518 qui
1186 2445 1220 2504 in
1243 2444 1300 2504 illo
1323 2444 1409 2505 bello
1433 2460 1507 2505 cum

278 2557 390 2619 Persis
421 2558 640 2619 conflixerant
664 2591 705 2602 -
729 2561 763 2618 et
793 2558 826 2617 in
857 2557 987 2618 tabulas
1018 2557 1168 2618 abierant
1198 2573 1312 2619 eorum
1338 2557 1507 2618 victoriae.

278 2672 428 2748 Pugnae,
449 2666 568 2746 quibus
586 2669 716 2732 barbari
736 2671 776 2731 ad
798 2671 1042 2746 Marathonem,
1063 2671 1104 2730 ad
1124 2671 1327 2732 Salaminem
1348 2673 1381 2731 61
1398 2672 1508 2732 Hime-

279 2801 366 2860 ram,
400 2785 440 2845 ad
471 2784 623 2846 Plataeas
654 2787 687 2845 et
711 2784 858 2858 Mycalen
883 2786 962 2845 sunt
985 2784 1165 2860 profligati,
1190 2799 1207 2844 e
1231 2784 1329 2845 rebus
1351 2785 1509 2846 humanis

279 2900 376 2958 erant
406 2901 574 2975 exemtae,
606 2900 639 2959 et
668 2898 793 2974 gloriae
816 2899 1054 2960 meritissimae
1077 2899 1185 2975 iblgor
1208 2900 1314 2960 aciem
1338 2899 1509 2961 oculorum

279 3012 434 3073 Graeciae
468 3012 699 3075 liberatoribus
734 3015 814 3075 adeo
845 3015 1109 3090 praestrinxerat
1142 3016 1180 3075 ut
1208 3030 1228 3075 6
1257 3017 1351 3091 parte
1382 3016 1509 3091 patriae

279 3128 393 3187 omnia
414 3126 448 3185 in
467 3126 589 3187 melius
609 3129 741 3188 mutata
760 3143 796 3188 se
815 3127 856 3187 iis
876 3128 1046 3203 offerrent,
1071 3128 1111 3188 ab
1130 3128 1277 3189 hostium
1299 3129 1332 3188 in
1351 3129 1509 3190 deterius.

279 3239 496 3301 Admirabilia
516 3255 599 3316 quae
618 3244 813 3317 peregerant
832 3242 896 3303 viri
914 3242 1024 3318 liberi,
1050 3258 1125 3302 cum
1145 3242 1317 3318 agminum
1336 3242 1509 3304 servilium

279 3355 350 3414 vim
381 3354 638 3429 incompositam
662 3362 857 3431 superarent
882 3357 1036 3433 prudenti
1060 3356 1198 3417 consilio
1221 3358 1255 3418 et
1276 3358 1390 3418 mente
1413 3356 1510 3417 inter-

279 3468 359 3540 rita,
392 3483 458 3529 non
481 3468 550 3529 iam
572 3468 747 3529 hominum
771 3469 964 3530 mortalium
987 3471 1045 3530 sed
1068 3470 1218 3544 ipsorum
1243 3468 1399 3530 caelitum
1423 3471 1511 3531 vide·

279 3581 401 3641 bantur
424 3582 579 3642 facinora.
601 3582 907 3643 Marathonomaohi
926 3583 1097 3659 Miltiadei,
1119 3586 1241 3645 nautae
1260 3583 1508 3665 Themistoclis,

279 3695 466 3755 Pausaniae
496 3695 623 3755 milites
653 3696 776 3755 armati
798 3696 877 3756 dum
901 3697 934 3755 in
958 3697 1058 3757 torris
1081 3697 1182 3757 etiam
1205 3695 1432 3773 versabantur,
1458 3712 1511 3756 res

281 3808 322 3868 ab
351 3807 394 3869 iis
424 3811 538 3884 gestae
570 3809 617 3868 ita
648 3812 829 3870 exornatae
860 3809 1113 3871 celebrabantur
1135 3812 1168 3870 in
1193 3811 1397 3872 carminibus
1420 3813 1454 3871 et
1476 3812 1510 3870 11

279 3922 361 3998 ipsis
382 3922 505 3984 civium
525 3924 733 3985 sermonibus
752 3926 790 3985 ut
811 3925 921 3999 pueris
940 3924 1226 3986 succrescentibus
1237 3925 1325 3986 vires
1345 3926 1511 3985 humanas

280 4037 377 4112 longe
407 4052 562 4113 superare
591 4038 783 4099 viderentur
813 4053 875 4098 nec
899 4038 965 4098 nisi
988 4053 1007 4098 a
1030 4038 1187 4099 Graeciae
1210 4039 1405 4100 numinibus
1427 4040 1510 4099 tute·

207 4204 209 4209 .
279 4150 406 4211 laribus
424 4152 572 4226 potuisse
589 4134 710 4227 perfici.
730 4152 778 4211 En
798 4150 1031 4213 firmissimum
1051 4152 1304 4213 tundamentum
1327 4151 1509 4213 libertatis:

281 4280 323 4325 en
352 4264 489 4339 pignora
518 4266 695 4341 potestatis
726 4265 867 4326 futurae.
901 4264 960 4341 Qui
986 4268 1203 4325 servaverant
1226 4266 1382 4341 patriam,
1408 4267 1510 4327 etiam

281 4378 316 4438 in
347 4381 517 4451 posterum
548 4380 643 4439 61611
671 4380 852 4439 servatorii
883 4378 955 4439 Non
990 4378 1213 4454 permiserant
1247 4394 1321 4439 eam
1357 4380 1511 4440 hostibus

280 4489 447 4551 barbaris:
467 4506 532 4552 non
553 4493 648 4552 erant
667 4492 863 4567 permissuri
882 4491 1030 4567 posthac.
1044 4490 1208 4552 Carminis
1219 4491 1341 4552 heroici
1353 4494 1512 4553 materies

282 4605 368 4665 inter
387 4604 529 4665 Graecos
548 4606 674 4665 iactum
696 4609 748 4665 est
766 4605 890 4666 bellum
911 4620 990 4667 cum,
1000 4605 1112 4666 Persis
1124 4605 1223 4666 modo
1236 4607 1384 4682 gestum,
1406 4620 1512 4680 neque

283 4720 433 4779 sanctius
462 4719 613 4793 magisve
644 4721 755 4795 anxie,
787 4734 887 4793 quam
919 4686 998 4814 olim
1026 4720 1060 4779 11
1084 4718 1288 4780 carminibus
1312 4720 1511 4796 Homericis,

283 4832 316 4890 in
346 4831 404 4892 illo
434 4831 521 4893 bello
546 4832 729 4893 enarrando
753 4836 889 4893 servata
913 4835 964 4893 est
986 4841 1200 4908 numerorum
1225 4834 1259 4893 et
1279 4848 1511 4893 mensurarum
