4067 5950
568 751 632 813 ico
1093 765 1135 810 nr
1157 763 1283 812 maran

565 954 640 999 mos
669 953 826 1014 prospera
854 938 988 1000 fortuna
1017 952 1111 1015 usos,
1142 939 1205 1000 hoc
1231 939 1358 1016 accepit
1388 955 1605 1018 responsum:
1630 943 1789 1019 templum

566 1067 700 1128 egresso
732 1052 789 1126 qui
819 1052 948 1127 primus
977 1050 1072 1113 fieret
1097 1051 1246 1130 obviam,
1280 1069 1356 1115 eum
1380 1057 1577 1129 sequeretur
1602 1059 1637 1118 et
1657 1057 1789 1118 domum

564 1180 680 1227 secum
698 1167 885 1228 deduceret.
909 1166 987 1243 Quis
1011 1167 1125 1228 autem
1147 1167 1277 1243 primus
1296 1171 1327 1229 el
1345 1171 1511 1232 occurrit?
1531 1171 1642 1233 Senex
1661 1171 1789 1246 quidam

566 1294 684 1341 caecus
706 1282 741 1341 et
761 1278 943 1354 squalidus.
967 1279 1054 1341 Huic
1075 1280 1177 1355 igitur
1198 1281 1276 1342 inde
1293 1296 1314 1343 a
1332 1281 1466 1358 Delphis
1485 1283 1548 1345 lvit
1567 1284 1791 1360 pedissequus.

565 1394 638 1453 lam
668 1409 747 1455 vero
776 1393 928 1455 Athenas
957 1394 1062 1469 adque
1084 1394 1191 1470 ipsius
1213 1394 1351 1457 domum
1374 1398 1427 1457 est
1447 1400 1662 1474 perventum;
1685 1399 1791 1472 itaqua

565 1508 718 1582 ignotum
742 1507 838 1569 illum
860 1507 1031 1570 hominem
1055 1507 1221 1571 allocutus
1243 1510 1409 1584 quodnam
1428 1511 1459 1571 ei
1479 1525 1602 1573 nomen
1626 1513 1672 1572 sit
1692 1515 1794 1586 rogat.

568 1620 628 1697 Qui
651 1621 708 1682 vix
732 1621 867 1683 tandem
889 1621 1093 1698 respondens
1115 1620 1250 1683 Plutum
1275 1637 1311 1683 se
1334 1621 1517 1699 profitetur.

612 1735 740 1797 Siccine
763 1736 866 1796 vero?
890 1733 1083 1810 Opulentlae
1107 1735 1207 1796 deum
1225 1734 1329 1796 talem
1348 1750 1481 1812 semper
1499 1736 1563 1798 sibi
1581 1735 1682 1798 linxit
1701 1737 1791 1799 chre-

568 1851 681 1925 mylus
702 1848 835 1925 qualem
859 1848 1076 1911 ostendebant
1094 1847 1251 1926 artifices,
1272 1864 1409 1926 puerum
1429 1850 1629 1927 formosum,
1649 1852 1684 1913 in
1704 1853 1793 1914 Pacis

568 1965 648 2026 deae
672 1964 761 2026 ulnis
783 1964 934 2026 suaviter
955 1964 1130 2025 ridentem.

614 2079 699 2140 Olim
730 2093 812 2152 sane
842 2092 916 2140 eam
943 2077 1008 2138 sihi
1037 2077 1140 2138 fuisse
1163 2077 1307 2152 speciem
1331 2077 1388 2139 ille
1410 2079 1471 2156 ait,
1496 2080 1554 2140 sed
1576 2081 1663 2154 quod
1683 2079 1793 2156 probis

568 2194 701 2254 tantum
730 2190 927 2253 mortalibus
953 2192 1033 2252 tunc
1055 2205 1092 2251 ee
1115 2189 1296 2266 applicaret
1319 2193 1446 2253 ceteros
1468 2195 1656 2270 aversatus,
1683 2194 1792 2254 Iovem

567 2306 815 2367 stomachatum
837 2303 943 2366 oculis
965 2303 1030 2365 eibi
1052 2304 1232 2366 obduxisse
1255 2304 1441 2379 caliginem.
1465 2305 1546 2367 Dein
1569 2305 1745 2368 aberrasse
1762 2319 1793 2364 se

568 2420 601 2480 in
633 2419 815 2481 multorum
848 2418 980 2493 domus,
1012 2417 1054 2478 ad
1077 2431 1169 2510 quos*
1183 2417 1357 2493 pervenire
1379 2433 1484 2493 neque
1508 2419 1669 2482 voluisset
1692 2434 1792 2493 neque

569 2533 751 2610 debuisset,
784 2534 917 2607 iamque
948 2533 1116 2593 recentem
1148 2546 1191 2592 ex
1220 2531 1356 2592 aedibus
1386 2532 1477 2593 senis
1508 2533 1679 2595 cuiusdam
1707 2531 1793 2594 avari

569 2649 691 2708 misere
713 2646 847 2707 sordere
870 2649 969 2718 atque
993 2643 1154 2718 squalere.

614 2795 654 2804 -
682 2760 785 2837 ,Quin
820 2759 921 2834 igitur
951 2774 1006 2819 me
1037 2758 1213 2832 sequere!”
1246 2755 1443 2833 chremylus
1478 2759 1526 2820 ait
1558 2761 1678 2834 ,utque
1712 2757 1791 2820 oculi

572 2876 752 2951 ,sanentur
775 2872 929 2934 curabo.”

615 3024 655 3035 -
682 2989 785 3066 ,Ohe,
810 2988 966 3063 henigne!
991 3001 1058 3047 non
1080 2986 1172 3046 utari
1197 2986 1312 3047 Iovem
1336 2987 1443 3048 denuo
1467 2986 1597 3048 irritare
1619 2987 1731 3048 nolo.'’

618 3137 656 3147 -
683 3104 861 3179 ,Iovemne
891 3100 1042 3163 scilicet?
1073 3099 1211 3160 Videndi
1240 3098 1433 3161 facultatem
1461 3115 1619 3176 recupera
1641 3101 1792 3161 modoet

572 3219 703 3294 ,lovem
734 3215 863 3292 plorare
889 3213 1005 3275 iubeas
1034 3212 1160 3274 licebitl
1192 3212 1298 3273 Tuam
1329 3212 1359 3274 is
1382 3213 1522 3287 requirit
1544 3228 1694 3290 operam,
1720 3226 1792 3273 nam

573 3333 664 3409 ,sine
694 3333 728 3391 te
758 3344 857 3389 nemo
888 3328 999 3403 potest
1031 3340 1141 3387 emere
1172 3325 1259 3400 quod
1283 3326 1313 3387 ei
1336 3325 1510 3387 sacrificet.
1534 3327 1612 3388 Sine
1636 3330 1670 3387 te
1692 3339 1792 3399 neque

574 3446 644 3521 ,est
667 3445 843 3517 quicquam
870 3456 976 3515 neque
998 3439 1052 3516 iit;
1077 3443 1137 3502 tua
1159 3456 1259 3502 causa
1281 3441 1443 3502 desudant
1466 3456 1593 3503 omnes.
1617 3441 1734 3503 lovem
1756 3454 1791 3498 ne

574 3573 687 3635 ,cura,
722 3557 781 3618 sed
816 3556 857 3617 ad
892 3569 947 3615 me
981 3554 1067 3616 veni.
1102 3554 1218 3615 Visum
1250 3553 1312 3616 tibi
1343 3554 1377 3615 in
1407 3554 1575 3631 integrum
1606 3556 1789 3627 restituam,

574 3672 677 3748 ,milri
701 3670 836 3732 credel”

616 3787 725 3846 Intrat
758 3783 876 3844 Plutus
911 3782 993 3843 deus
1028 3781 1126 3843 aedes
1159 3781 1324 3857 agricolae
1358 3783 1563 3861 pauperculi,
1599 3783 1653 3844 hic
1684 3785 1792 3845 autem

572 3900 734 3962 convocat
763 3897 891 3958 vicinae
922 3909 1044 3971 egenos
1075 3910 1117 3955 ex
1146 3896 1249 3973 agris,
1281 3894 1337 3956 uhi
1367 3896 1458 3958 duris
1487 3895 1655 3957 laboribus
1679 3894 1792 3958 uacant

573 4015 683 4074 victus
713 4010 896 4086 quotidiani
925 4023 1036 4071 causa.
1060 4041 1103 4051 —
1127 4008 1247 4071 Poetae
1279 4008 1405 4072 comico
1436 4010 1600 4086 agricolas
1629 4024 1735 4085 usque
1756 4005 1791 4067 ad

573 4127 663 4187 vitae
686 4123 785 4186 finem
811 4138 907 4185 curae
930 4122 1034 4184 fuisse
1057 4123 1203 4197 apparet.
1598 4184 1600 4188 ,

618 4239 726 4300 (litato
756 4251 937 4311 sanequam
971 4249 1069 4296 cursu
1104 4238 1279 4297 accurrunt
1305 4236 1364 4297 illi.
1396 4237 1603 4314 Quamquam
1626 4238 1656 4299 si
1686 4238 1790 4298 minus

572 4352 806 4426 festinassent,
827 4351 900 4424 ipsa
917 4347 1031 4410 fabula
1049 4348 1151 4409 nihilo
1170 4348 1298 4410 tardius
1317 4351 1543 4426 processisset.
1564 4350 1698 4412 Nullum
1711 4349 1791 4412 enim

573 4469 625 4528 est
653 4466 740 4525 inter
769 4465 920 4525 dramata
945 4462 1109 4538 Euripidis
1133 4462 1219 4535 quod
1248 4463 1384 4524 chorum
1409 4466 1479 4525 tam
1503 4464 1654 4525 inutilem
1679 4448 1789 4524 habeat

573 4593 672 4653 quam
704 4576 903 4638 rusticorum
934 4577 986 4637 est
1016 4575 1150 4653 chorus,
1182 4591 1280 4649 quem
1312 4576 1345 4636 in
1372 4574 1492 4638 ultima
1514 4577 1626 4640 fabula
1649 4574 1789 4639 exhibuit

573 4691 823 4766 Aristophanes.
861 4690 987 4751 Bardos
1017 4689 1202 4765 >tardosque
1239 4690 1371 4751 adstare
1403 4691 1579 4757 choreutas
1608 4690 1789 4768 Euripideos

574 4808 671 4881 poeta
702 4804 850 4866 comicus
882 4802 961 4864 olim
992 4802 1219 4879 perhibuerat:
1253 4803 1319 4863 iam
1352 4820 1430 4865 vero
1453 4805 1493 4865 de
1517 4806 1622 4880 ipsius
1646 4805 1742 4866 choro
1763 4797 1788 4859 id
