4067 5950
1093 818 1134 861 DE
1158 816 1286 863 nuruis.

953 995 1046 1045 πᾶσιν
1069 990 1130 1057 τοῖς
1154 983 1406 1063 ἀφικνουμένοις,

996 1097 1036 1179 ἢν
1060 1096 1165 1160 Κλέαν
1188 1098 1343 1179 ἀπόληται.

620 1346 771 1430 θλριοαα·
804 1355 849 1423 (et
879 1351 1095 1428 pherecratei)
1129 1352 1270 1428 acephali
1303 1352 1366 1413 diei
1400 1355 1541 1428 possunt
1574 1350 1781 1413 huiuscemodi

574 1480 709 1527 versus:

1035 1602 1195 1640 omre.
1218 1582 1305 1651 (619.)

1034 1698 1188 1753 omri.-

967 1804 1124 1883 σκέψασθε
1147 1804 1181 1868 ll
1204 1800 1230 1885 μ’
1257 1806 1284 1867 εἰ
1306 1816 1409 1884 σοφῶς

969 1920 1080 1993 αὐτοὺς
1103 1918 1309 2000 περιέρχομαι,

969 2036 1039 2109 τοὺς
1063 2034 1221 2116 ολομένονς
1244 2040 1370 2116 φρονεῖν

1007 2149 1059 2211 καλ
1082 2145 1123 2230 ἔμ’
1150 2148 1363 2224 ἐξαπατύλλειν
1381 2146 1412 2221 l¹.

573 2265 611 2325 In
635 2265 755 2339 quibus
778 2264 871 2326 nulla
894 2267 946 2327 est
968 2280 1183 2327 numerorum
1207 2266 1341 2327 lieentia
1356 2261 1390 2336 ¹).

617 2519 731 2580 Altera
765 2534 923 2579 versuum
958 2520 1195 2595 glyconeorum
1229 2518 1357 2595 species
1388 2534 1452 2579 non
1485 2520 1517 2578 in
1550 2520 1651 2580 tertia
1680 2520 1731 2580 sed
1757 2518 1783 2577 in

573 2637 690 2706 quarta
710 2633 788 2693 sede
809 2636 1028 2709 anapaestum
1048 2633 1162 2709 habet,
1183 2632 1223 2692 ad
1243 2632 1304 2693 hoc
1321 2634 1420 2707 igitur
1432 2633 1569 2694 sebema
1581 2634 1782 2694 conformata:

1054 2752 1115 2806 σι’-
1138 2770 1274 2807 jnw.

1077 2953 1139 2986 ,ΗΝ

617 3161 808 3224 Cuiusmodi
832 3163 1008 3225 versiculis
1031 3164 1271 3238 Aristophanes
1294 3164 1328 3224 in
1352 3164 1474 3224 fabulis
1495 3165 1728 3238 superstitibus
1746 3164 1784 3222 ita
1853 3243 1854 3246 Ἴ

573 3277 706 3336 tantum
730 3279 783 3336 est
804 3292 900 3353 usus,
933 3281 970 3338 ut
992 3278 1174 3338 membrum
1194 3278 1288 3352 prius
1310 3293 1460 3338 versuum
1483 3281 1731 3339 tetrametrorum
1752 3291 1783 3336 er

571 3389 613 3449 iis
633 3388 787 3452 efficeret.
807 3391 952 3467 Quorum
972 3395 1245 3453 tetrametrorum
1265 3391 1376 3452 simile
1391 3395 1443 3452 est
1455 3393 1642 3452 membrum
1656 3393 1783 3461 ααιννιι,

571 3508 789 3579 anapaestum
815 3509 927 3567 tamen
951 3522 1016 3567 non
1042 3506 1155 3582 habet,
1181 3506 1238 3566 sed
1261 3506 1295 3565 in
1319 3507 1399 3580 pede
1423 3506 1544 3566 initiali
1567 3504 1784 3566 conformando

571 3618 687 3680 eadem
707 3618 859 3680 libertate
877 3635 942 3694 qua
961 3621 1053 3695 prius
1070 3623 1122 3681 est
1133 3620 1275 3695 insigne.
1288 3618 1479 3680 Cuiusmodi
1489 3635 1605 3680 versus
1618 3615 1784 3680 tetrametri

571 3732 649 3793 dieti
680 3735 759 3792 sunt
787 3731 950 3809 liapolidei
971 3727 1007 3809 ¹),
1041 3735 1283 3808 Aristophanes
1314 3737 1426 3793 autem
1454 3732 1622 3806 Eupolidis
1652 3730 1783 3793 aemulus

570 3845 753 3906 acerrimus
771 3847 851 3908 illud
869 3851 1015 3909 metrum
1036 3848 1187 3909 adhibuit
1205 3848 1239 3906 in
1259 3846 1402 3906 Nubium
1422 3846 1565 3906 editione
1584 3832 1782 3908 retractata¹l

570 3965 604 4021 et
627 3962 744 4036 postea
766 3961 801 4020 in
824 3961 979 4037 Anagyro
995 3956 1030 4032 ⁶).

605 4253 624 4314 ¹¹
644 4256 683 4304 Cf.
700 4259 749 4315 Eq.
769 4257 1015 4304 1111-11501220.
1035 4258 1257 4416 19994819]

1375 4333 1393 4430 Α

604 4399 625 4463 ²¹
635 4403 742 4450 Numeri
754 4404 792 4449 sia
801 4402 925 4449 ridentur
934 4377 1106 4450 indicandr
1105 4383 1133 4463 [ρ
1153 4369 1172 4468 ,¹
1187 4367 1217 4468 ,¹-
1238 4401 1257 4468 ,¹
1272 4435 1291 4468 ,
1240 4332 1359 4469 ¹¹¹
1374 4435 1393 4468 ,
1391 4332 1545 4468 ΨΜ
1424 4369 1461 4469 ¹,¹
1476 4370 1505 4469 ,¹-
1527 4381 1545 4470 ,¹
1560 4379 1659 4470 ,¹,¹·
1646 4330 1781 4468 ¹,¹¹¹·-

569 4484 668 4541 Integri
686 4484 851 4543 pherearetei
868 4483 1002 4542 glyconeis
1018 4485 1152 4543 acephalis
1166 4484 1247 4532 iuncti
1262 4489 1324 4532 eunt
1338 4488 1383 4532 Ar.
1402 4487 1498 4533 1‘181-
1502 4489 1566 4534 1719
1569 4485 1700 4546 glyooner
1708 4483 1781 4528 auteur

570 4563 665 4620 integri
683 4563 862 4622 pherecraten
880 4563 1014 4622 acephalis
1030 4563 1107 4623 Vesp.
1126 4566 1268 4611 all-sah.

604 4638 624 4696 ³¹
645 4643 740 4700 Eupol·
763 4644 795 4688 ir.
821 4643 852 4688 98
874 4644 901 4688 et
921 4643 967 4688 lio
987 4643 1037 4689 hoe
1054 4647 1138 4689 metro
1156 4647 1218 4691 eunt
1236 4649 1370 4704 consepta.
1387 4643 1473 4691 Etiam
1492 4646 1588 4692 Oretiu.
1606 4645 1673 4704 (lii)
1690 4643 1726 4696 99,
1741 4636 1779 4683 318

569 4721 718 4768 Phereernt.
738 4724 778 4776 99,
797 4723 838 4778 il,
856 4724 897 4779 ei,
917 4723 975 4781 122,
996 4723 1053 4778 132,
1075 4725 1121 4770 191
1140 4724 1206 4771 Ρ1ι1.
1225 4725 1266 4779 99,
1286 4725 1334 4771 lae
1352 4725 1424 4770 ulex.
1443 4725 1499 4780 aba,
1518 4725 1574 4770 991.

604 4795 625 4862 ⁴¹
642 4801 708 4848 Ναὶ).
728 4801 871 4848 bie-bel.

605 4874 685 4937 ⁶)1rr.
705 4881 736 4925 bi
756 4893 794 4938 sq.
