4067 5950
530 761 594 824 ltu
1043 771 1084 816 nc
1107 769 1232 816 rorare

527 950 611 1012 Nam
634 949 703 1010 veri
727 946 905 1010 scientiam
926 946 983 1021 cui
1005 945 1121 1025 habet,
1147 977 1187 990 -
1211 958 1278 1006 non
1300 943 1453 1007 fallacem
1472 943 1617 1018 aliquam
1638 941 1769 1004 doctri·

528 1078 607 1127 nam
626 1060 928 1124 dubitationibusve
948 1059 1141 1138 obnoxiam,
1161 1059 1218 1121 sed
1239 1060 1365 1122 certam
1384 1057 1560 1121 scientiam
1575 1059 1609 1118 et
1627 1057 1769 1119 ratione

529 1176 791 1255 comprobatam,
813 1175 901 1236 —is
919 1174 1020 1238 habet
1038 1175 1071 1236 et
1089 1173 1267 1236 virtutem:
1286 1172 1393 1234 bonus
1412 1174 1477 1250 est,
1498 1172 1576 1246 quia
1592 1171 1768 1247 prudens;

530 1293 636 1354 virtus
657 1293 771 1353 autem
794 1290 891 1352 affert
912 1288 1106 1351 felicitatem
1128 1286 1231 1349 nullis
1254 1286 1384 1348 casibus
1406 1285 1594 1349 obnoxiam.

574 1405 664 1468 Haec
692 1405 885 1468 mortalium
915 1404 1185 1481 sapientissimus
1211 1401 1382 1478 respondit
1404 1400 1547 1462 ieiicitas
1569 1400 1647 1476 quid
1669 1400 1774 1461 esset

530 1517 782 1595 quaerentibus3
807 1532 907 1593 quam
929 1517 1130 1580 sententiam
1150 1513 1362 1578 confirmauit
1385 1516 1493 1576 morte
1512 1514 1639 1590 placide
1658 1513 1770 1574 obita.

530 1633 641 1695 Vitam
664 1632 819 1695 videlicet
847 1633 938 1695 cives
966 1631 1114 1694 adimere
1144 1631 1175 1693 ei
1204 1632 1353 1706 potuere,
1377 1642 1443 1691 non
1466 1630 1602 1705 potuere
1624 1625 1769 1688 felicita-

531 1751 618 1824 tem;
642 1749 727 1810 hanc
748 1748 784 1809 in
806 1747 995 1825 sepulcrum
1019 1763 1134 1810 secum
1158 1746 1306 1809 abstulit.

576 1864 814 1940 Aristophanes
843 1877 920 1924 cum
950 1862 1086 1924 Plutum
1117 1862 1188 1925 sive
1217 1860 1429 1937 Opuisntlam
1452 1862 1577 1924 iaceret
1599 1863 1770 1940 iabulam,

532 1979 746 2058 praeterierat
775 1977 971 2040 decennium
995 1979 1072 2054 post
1093 1977 1234 2040 cicutam
1259 1992 1280 2038 a
1302 1977 1437 2040 sperate
1459 1977 1611 2040 interrite
1633 1981 1770 2055 potam,

532 2094 618 2169 quod
646 2094 736 2154 vitae
765 2092 836 2153 sine
866 2091 941 2153 labe
970 2094 1123 2168 peractae
1153 2091 1337 2169 praemium
1359 2090 1579 2168 praebuerunt
1601 2092 1632 2153 ei
1654 2092 1770 2166 cives,

532 2222 619 2269 nunc
649 2220 777 2281 quoque
806 2205 880 2281 ipsa
908 2205 1032 2280 pietate
1062 2206 1103 2267 ad
1126 2205 1235 2268 scelus
1256 2204 1397 2281 pellecti.
1420 2205 1483 2268 Sed
1504 2220 1589 2279 quae
1611 2205 1770 2268 divinum

532 2321 613 2382 illud
637 2320 806 2395 ingenium
829 2319 1046 2397 cogitaverat,
1070 2333 1136 2382 non
1159 2334 1234 2381 eum
1256 2319 1330 2396 ipso
1353 2321 1448 2380 erant
1470 2318 1609 2394 sepulta.

578 2434 729 2496 Etiamne
759 2433 800 2494 ad
830 2432 1087 2507 Aristophanem
1120 2432 1242 2508 aliquid
1273 2447 1315 2493 ex
1338 2431 1379 2494 iis
1400 2433 1574 2508 pervenit?
1597 2432 1684 2493 Fieri
1707 2432 1771 2491 vix

533 2548 642 2625 potuit
680 2547 759 2622 quin
800 2546 997 2623 perveniret.
1032 2547 1116 2608 Nam
1151 2545 1263 2608 Nubes
1296 2544 1442 2609 fabulam
1476 2549 1653 2622 postquam
1687 2547 1771 2608 iecit

534 2663 633 2738 poeta
672 2661 836 2738 comicus,
882 2661 1202 2737 „archisopuistam”
1244 2660 1339 2722 illum
1381 2675 1399 2722 e
1441 2663 1618 2737 conspectu
1657 2662 1770 2721 denuo

534 2776 689 2836 amisisse
717 2789 783 2836 non
812 2774 952 2836 videtur.
984 2773 1093 2835 Etiam
1125 2773 1286 2849 vigesimo
1316 2789 1404 2836 anno
1432 2778 1509 2850 post
1537 2775 1572 2836 in
1595 2775 1770 2836 Rauarum

535 2889 628 2949 exitu
652 2887 848 2948 contemtim
871 2861 1050 2949 admodum
1073 2887 1204 2949 locutus
1228 2890 1281 2949 est
1302 2888 1361 2964 „de
1381 2886 1659 2958 homuncionibus
1677 2887 1770 2962 istis,

535 3003 591 3076 qui
618 3017 694 3064 cum
725 3002 859 3087 Socrate
888 3002 1064 3078 garriendo
1091 3004 1225 3078 tempus
1258 3004 1416 3079 tererent,
1448 3002 1610 3078 neglectis
1640 3003 1770 3077 tragoe-

536 3116 609 3177 diae
638 3116 840 3192 prinoipiis”‚
873 3149 914 3160 -
945 3115 1133 3191 Euripidem
1165 3116 1350 3193 despicatui
1380 3115 1522 3191 habens;
1552 3115 1770 3177 Feminarum

537 3232 651 3291 autem
680 3229 861 3306 Imperium
890 3229 969 3292 iecit
998 3230 1039 3291 de
1069 3230 1208 3291 materis
1237 3244 1258 3290 a
1286 3230 1420 3291 Socrate
1450 3244 1549 3305 saepe
1571 3231 1606 3291 et
1627 3228 1772 3289 libenter

537 3344 693 3419 tractata,
723 3358 784 3405 neo
813 3343 951 3406 dubium
981 3345 1060 3419 quin
1091 3343 1212 3406 nobilis
1233 3345 1430 3420 praesertim
1452 3342 1638 3421 philosophi
1661 3341 1772 3403 obitus

538 3472 615 3517 eum
645 3456 833 3519 adverterit.
865 3457 928 3519 Sed
957 3458 1142 3537 sapientiae
1172 3458 1301 3519 semina
1331 3473 1351 3519 a
1379 3458 1514 3520 Socrate
1543 3456 1637 3532 larga
1666 3470 1771 3516 manu

538 3572 624 3632 inter
653 3569 808 3645 aequales
837 3585 953 3647 sparsa
982 3572 1016 3634 in
1046 3568 1159 3632 mehte
1189 3573 1306 3647 poetae
1336 3571 1455 3633 comici
1484 3585 1549 3632 nou
1572 3569 1774 3631 invenerunt

538 3684 649 3746 locum
679 3684 734 3745 ubi
765 3683 851 3746 laete
881 3687 1143 3761 procrescerent3
1172 3685 1285 3759 itaque
1307 3684 1361 3746 hio
1382 3700 1459 3746 cum
1483 3664 1590 3767 coepit
1612 3697 1773 3761 quaerere

539 3797 617 3873 quid
648 3799 738 3859 esset
766 3789 922 3875 felicitas,
954 3798 1141 3874 philosophi
1170 3798 1300 3860 monita
1322 3812 1439 3873 parum
1463 3797 1493 3858 ei
1515 3796 1709 3873 profuerunt
1729 3794 1774 3855 ad
1853 3778 1854 3819 ³

540 3911 793 3974 discernendam
814 3910 1009 3972 felicitatem
1032 3927 1054 3972 a
1075 3911 1304 3987 prosperitate.
1416 3912 1423 3927 “

586 4023 676 4101 Quod
707 4037 790 4098 opus
820 4023 850 4083 si
879 4020 999 4098 viginti
1028 4017 1327 4099 trigintave“anuis
1351 4024 1441 4100 prius
1465 4026 1555 4086 esset
1578 4038 1772 4099 aggressus,
1853 4054 1854 4073 κ

541 4137 704 4199 meliusne
727 4136 757 4196 ei
781 4134 961 4198 cessisset?
984 4138 1047 4199 Pro
1071 4139 1160 4199 certo
1182 4137 1258 4212 quis
1281 4138 1382 4199 dicati
1405 4138 1473 4198 veri
1492 4141 1607 4199 tamen
1626 4120 1661 4197 ir'i
1678 4136 1772 4197 dissi·
1853 4142 1854 4183 ³

541 4251 639 4325 mile;
672 4266 752 4312 nam
786 4251 827 4312 ad
851 4250 1167 4325 argumentationes
1197 4230 1381 4313 severiores
1412 4252 1523 4312 minus
1553 4252 1632 4327 apta
1661 4251 1775 4312 minus
1853 4234 1854 4251 ¹

542 4378 704 4440 propensa
722 4379 853 4440 semper
876 4365 940 4426 iuit
962 4365 1035 4427 eius
1057 4380 1164 4427 mens.
1188 4367 1251 4428 Sed
1275 4367 1348 4427 tum
1371 4380 1447 4427 cum
1467 4365 1722 4440 integerrimum
1741 4366 1775 4425 ei

543 4480 615 4539 erat
648 4477 772 4553 ingenii
806 4477 905 4539 robur
938 4478 968 4539 si
997 4478 1032 4539 iu
1063 4479 1148 4539 hauc
1179 4479 1352 4540 materiem
1382 4457 1583 4555 incidisset,'
1598 4492 1664 4540 uon
1693 4492 1774 4538 suae

543 4609 617 4654 eam
660 4594 742 4654 artis
784 4607 858 4654 esse
896 4607 977 4654 mox
1010 4592 1204 4667 agnovisset
1239 4594 1273 4654 et
1307 4592 1513 4668 seposuisset
1545 4592 1603 4653 vix
1638 4594 1775 4652 tactam.
1853 4640 1854 4647 ,

543 4707 712 4768 Senectuti
744 4705 897 4768 obtusius
932 4705 1063 4767 aurium
1098 4680 1256 4767 acumen:
1292 4720 1358 4766 non
1388 4706 1456 4766 iam
1486 4704 1627 4781 percipit
1656 4719 1772 4765 vocem

542 4832 660 4880 musae
683 4821 721 4880 ut
743 4817 910 4880 abstineat
933 4818 1001 4880 ient
1024 4833 1159 4880 susurro
1182 4819 1364 4879 suadentis.
