4067 5950
702 789 783 835 urna
803 791 843 836 ur
865 789 1036 836 ornamus.
1441 775 1483 834 61

300 964 347 1023 lin
379 963 420 1024 ad
448 962 706 1037 Bdelycleonem
736 963 958 1038 magistratus
989 963 1096 1024 officio
1120 963 1316 1038 fungentem
1340 962 1486 1023 defertur

254 1091 367 1140 causa.
406 1077 505 1139 Oanis
539 1093 557 1138 e
592 1077 703 1138 culina
741 1077 900 1153 surripuit
938 1091 1083 1138 caseum.
1124 1075 1308 1137 Considunt
1346 1077 1486 1152 iudices,

256 1190 418 1263 prodeunt
448 1206 525 1252 reus
555 1193 588 1252 at
610 1192 666 1265 qui
688 1190 769 1250 iurti
794 1206 871 1252 eum
896 1191 1067 1254 accusavit
1091 1190 1300 1266 contemtor,
1325 1191 1487 1266 prodeunt

253 1306 374 1384 testes,
410 1304 482 1378 lege
517 1304 592 1365 dein
625 1319 762 1381 prorsus
796 1305 845 1365 ita
879 1305 990 1379 agitur
1023 1307 1062 1365 ut
1095 1305 1129 1364 in
1165 1305 1296 1364 iudiciis
1330 1303 1485 1380 publicis3

254 1417 400 1491 plurima
434 1418 533 1492 igitur
566 1420 745 1479 movantur
780 1432 863 1492 quae
898 1434 918 1478 a
952 1417 1147 1491 quaestione
1182 1417 1291 1478 aliena
1324 1419 1416 1493 sunt,
1453 1421 1487 1478 et
1521 1459 1526 1468 ·

255 1530 356 1590 tlebili
386 1532 595 1606 peroratione
625 1531 750 1592 iudices
781 1531 915 1592 flectere
947 1533 1086 1592 conatur
1109 1545 1201 1606 reus,
1226 1544 1324 1603 quem
1350 1530 1486 1591 circum·

253 1643 375 1720 strepit
409 1644 593 1706 catulorum
628 1645 827 1706 eiulautium
867 1645 1010 1705 caterva.
1050 1645 1167 1718 Itaque
1205 1644 1295 1704 hunc
1328 1646 1486 1704 eventum
1556 1691 1559 1697 .

254 1757 356 1818 habet
387 1757 432 1818 lis
464 1760 503 1819 ut
537 1773 627 1834 reus,
665 1759 759 1819 cuius
795 1758 892 1835 culpa
930 1757 1054 1832 liquido
1091 1757 1214 1838 patuit,
1250 1773 1306 1834 per
1341 1772 1486 1818 errorem

255 1871 458 1933 absolvatur.

302 1984 407 2059 Quam
425 1985 571 2046 iudicum
592 1985 793 2048 sententiam
813 1987 992 2060 postquam
1011 1983 1233 2058 magistratus
1253 1999 1339 2044 urna
1358 1983 1489 2045 diribita

254 2095 351 2171 gravi
386 2113 466 2159 voce
507 2099 747 2174 promulgavit,
787 2096 977 2159 Philocleon
1025 2111 1120 2173 ¹‚vae,
1162 2098 1273 2157 actum
1317 2096 1358 2158 ds
1392 2097 1487 2158 mel”

256 2211 382 2272 clamat
412 2214 446 2273 et
475 2211 582 2272 veluti
611 2211 651 2273 de
683 2210 774 2272 caelo
804 2212 915 2274 tactus
938 2210 1076 2286 proruit.
1101 2208 1226 2285 Quina
1249 2225 1336 2270 novo
1359 2211 1393 2270 et
1416 2224 1488 2285 gra·

255 2325 348 2386 viore
379 2326 446 2386 iam
478 2325 568 2387 malo
600 2327 772 2400 correptus
799 2325 844 2385 sit
874 2324 1021 2400 primum
1044 2326 1179 2385 veretur
1200 2323 1302 2399 illius,
1327 2323 1385 2385 sed
1408 2339 1488 2384 mox

255 2440 362 2499 sentit
384 2440 490 2500 morbi
514 2440 547 2501 in
571 2440 692 2501 melius
715 2439 966 2500 conversionem
989 2439 1076 2500 hanc
1099 2439 1217 2514 fuisse,
1241 2439 1365 2499 similia
1387 2437 1489 2512 igitur

255 2551 425 2613 similibus
454 2568 571 2614 revera
594 2553 704 2614 sanari
728 2567 843 2629 posse;
868 2567 948 2612 nam
970 2552 1117 2612 reiectus
1139 2553 1316 2628 postquam
1341 2552 1415 2612 seni
1437 2553 1489 2611 est

255 2666 406 2740 animus,
430 2681 572 2727 excusso
595 2666 705 2728 furore
728 2665 875 2726 iudiciali
898 2679 975 2726 eum
1000 2665 1180 2742 resipuisse
1202 2667 1349 2741 apparet.

300 2779 439 2853 Iamque
478 2781 515 2839 ut
554 2778 742 2840 humaniori
778 2779 868 2840 vitae
906 2778 1013 2840 denuo
1053 2793 1129 2839 eum
1165 2778 1321 2840 conciliet
1354 2781 1489 2840 strenue

254 2907 391 2966 operam
427 2893 484 2954 dat
517 2891 624 2967 fllius;
660 2906 746 2953 nova
779 2895 871 2954 veste
902 2907 979 2954 eum
1010 2892 1119 2952 induit
1155 2893 1189 2952 et
1217 2891 1303 2952 inter
1333 2893 1489 2954 cultiores

255 3007 475 3067 homines-
500 3022 640 3081 quorum
672 3022 783 3069 mores
813 3009 907 3083 pater
936 3006 1023 3067 inter
1054 3006 1205 3067 misellos
1230 3006 1270 3066 de
1296 3005 1390 3081 plebe
1412 3022 1488 3083 pau-

255 3120 391 3194 percula
423 3135 521 3181 senes
559 3120 634 3182 illos
668 3120 790 3181 oblitus
824 3123 877 3181 est
911 3154 953 3163 -—
987 3120 1155 3195 quomodo
1192 3122 1238 3181 sit
1272 3121 1487 3195 versandum,

256 3234 335 3306 quid
370 3233 572 3310 faciendum,
608 3234 686 3307 quid
721 3234 913 3309 dicendum,
950 3249 1027 3294 eum
1063 3235 1169 3295 docet.
1204 3232 1287 3295 Dein
1318 3234 1358 3294 ad
1389 3234 1489 3295 amici

257 3346 431 3407 cuiusdam
462 3362 577 3409 cenam
609 3348 770 3425 abductus
801 3362 904 3408 senex
934 3348 983 3407 ita
1012 3350 1051 3407 ut
1081 3362 1163 3421 puer
1189 3346 1289 3421 aliqui
1312 3346 1489 3422 imperitus

255 3460 326 3519 illic
345 3459 492 3536 lascivit,
513 3461 652 3522 desueta
670 3460 828 3521 nimirum
849 3460 947 3521 hilari
967 3460 1112 3521 convivii
1129 3460 1298 3535 voluptate
1317 3460 1488 3537 abreptus,

256 3577 292 3633 et
324 3572 435 3635 ebrius
464 3574 600 3635 tandem
626 3574 771 3634 defertur
801 3574 835 3634 in
867 3574 1004 3651 lectum,
1036 3574 1092 3633 ubi
1119 3573 1290 3648 crapulam
1315 3574 1487 3635 edormiat.

257 3688 305 3746 At
339 3687 478 3748 minime
512 3702 613 3762 grave
643 3687 705 3749 boo
735 3689 787 3748 est
818 3687 963 3761 malum;
995 3702 1053 3762 per
1083 3687 1191 3747 noctis
1222 3686 1310 3746 euim
1343 3688 1488 3760 quietem

256 3806 461 3863 evanescent
484 3803 554 3863 vini
576 3804 727 3878 generosi
747 3817 903 3877 vapores
924 3816 999 3861 cras
1018 3803 1131 3861 autem
1152 3800 1249 3876 plane
1268 3801 1301 3860 in
1321 3800 1488 3874 integrum

256 3916 438 3976 restitutus
468 3917 502 3976 et
532 3931 550 3976 e
585 3914 717 3977 (ileonis
746 3930 872 3976 vesano
910 3913 966 3974 illo
1004 3914 1206 3974 admiratore
1241 3913 1325 3973 alter
1354 3915 1487 3987 quidam

254 4028 457 4104 Bdelycleon
480 4029 590 4091 iactus
613 4029 767 4106 prodibit.

845 4304 903 4367 XI.

303 4485 388 4545 Mira
405 4483 551 4559 profecto
570 4484 635 4545 fuit
653 4484 752 4559 ratio,
774 4499 839 4558 qua
855 4484 917 4545 hoc
934 4498 1021 4545 anno
1036 4484 1166 4544 erebus
1178 4483 1318 4557 publicis
1330 4483 1489 4544 abstinuit

256 4600 370 4675 poeta.
402 4596 463 4674 Qui
486 4596 616 4657 fabulae
646 4597 743 4658 initio
766 4611 822 4657 ore
845 4598 933 4657 servi
957 4596 1097 4657 alterius
1120 4596 1290 4671 praefatus
1313 4597 1363 4656 ast
1385 4612 1490 4670 neque

255 4713 423 4787 gravioris
454 4711 643 4785 argumenti
672 4709 821 4770 fabulam
853 4708 1099 4784 spectatoribus
1130 4724 1204 4769 esse
1235 4710 1489 4784 expectandam,

256 4839 469 4898 aequavero
496 4825 586 4884 iocos
616 4823 821 4899 rusticiores,
847 4822 1004 4883 Cleonem
1031 4824 1144 4882 autem
1169 4822 1276 4882 denuo
1300 4822 1490 4882 conculcare
