4067 5950
562 841 564 845 Ι
646 775 688 820 bn
712 775 821 820 rrxru
843 775 996 820 rasorro.
1371 763 1435 823 821

222 956 319 1008 autern
350 947 591 1008 animalcuium
622 945 793 1022 φάττιον
818 947 984 1009 scribebat
1006 947 1159 1025 Bentley,
1187 981 1227 991 -
1251 950 1302 1011 sic
1323 952 1439 1013 tamen

222 1061 302 1136 plura
325 1062 425 1122 metri
449 1077 552 1123 causa
575 1059 741 1123 mutanda
758 1057 903 1137 erant·¹),
928 1094 971 1104 -
995 1061 1146 1141 φάβιον
1170 1064 1329 1140 Mainake,
1353 1066 1438 1139 quod

223 1190 323 1235 verum
354 1176 495 1238 videtur.
527 1178 641 1253 Apage
672 1176 773 1253 igitur
803 1176 953 1253 spinulas
982 1176 1059 1238 ilias
1086 1179 1120 1239 et
1142 1178 1264 1239 molles
1287 1179 1440 1241 homines

222 1290 381 1363 ceteraque
403 1290 616 1352 librariorum
641 1291 693 1352 vel
716 1291 937 1367 interpretum
961 1291 1110 1352 somnia:
1135 1294 1233 1368 poeta
1256 1293 1409 1354 dederat:

451 1404 668 1484 νηττάριον
691 1400 730 1462 ἂν
752 1399 805 1462 καὶ
828 1403 980 1479 φάβιον
1003 1400 1209 1482 ὑπεκορίζετο,

221 1515 401 1575 craticulam
423 1531 520 1577 auom
542 1521 569 1578 ct
592 1518 807 1578 columbarum
829 1531 939 1577 meare
962 1532 1011 1577 me
1038 1518 1161 1582 solebat.

354 1771 408 1847 15)
429 1771 484 1832 De
505 1772 857 1847 interpretamentis
877 1772 919 1832 in
939 1775 1091 1833 textum
1112 1774 1286 1848 receptis.

257 1954 411 2016 Venimus
442 1956 484 2017 ad
506 1957 792 2032 interpretamento.
825 1956 913 2032 Quae
944 1957 978 2016 in
1009 1956 1208 2032 scriptorum
1235 1959 1439 2033 pedestrium

222 2082 307 2140 opera
336 2069 461 2142 passim
493 2070 669 2146 irrepsisse
701 2069 812 2131 notior
843 2071 895 2130 est
926 2084 980 2129 res
1002 2084 1102 2144 quam
1127 2084 1211 2143 quae
1235 2070 1288 2131 bic
1311 2072 1442 2134 demon·

221 2182 343 2245 stratur.
374 2183 459 2244 Nam
492 2184 629 2245 vocibus
661 2182 857 2259 rarioribus,
890 2182 1116 2244 locutionibus
1146 2184 1259 2245 minus
1282 2187 1443 2265 vulgatis,

221 2299 395 2360 nominibus
424 2299 566 2376 propriis
588 2299 716 2375 passim
739 2298 856 2374 verba,
882 2298 1001 2372 quibus
1029 2299 1185 2374 magistri
1208 2300 1380 2376 discipulis
1403 2317 1442 2363 ea

221 2411 431 2487 explicabant,
464 2414 689 2488 superscripta
719 2428 809 2488 esse,
842 2428 922 2473 mox
945 2412 978 2473 in
1003 2413 1114 2489 ipsum
1138 2416 1270 2475 textum
1294 2418 1440 2492 recepta,

221 2537 305 2586 nemo
334 2528 453 2588 nescit.
484 2528 579 2603 Apud
611 2530 727 2603 postas
752 2527 932 2600 quominus
955 2525 1058 2588 libere
1082 2527 1165 2589 haec
1186 2528 1291 2603 pestis
1313 2544 1440 2603 grassa·

177 2689 178 2694 ,
222 2644 298 2701 retur
327 2639 483 2702 obstabat
513 2644 681 2715 metrum;
713 2656 914 2716 quamquam
947 2657 989 2703 ne
1022 2642 1052 2702 is
1082 2643 1216 2715 quidem
1239 2643 1322 2704 liber
1344 2644 1441 2719 longe

221 2757 474 2837 antiquissimus,
494 2756 527 2816 in
551 2771 615 2829 quo
639 2754 805 2816 Timothei
828 2754 1003 2816 Persarum
1024 2755 1146 2831 legitur
1168 2772 1245 2833 pars
1268 2759 1441 2833 posterior,

222 2869 368 2931 eiusmodi
399 2869 492 2930 vitiis
523 2872 633 2946 vacat,
665 2870 766 2930 babet
799 2869 907 2930 enim:
945 2866 1066 2947 Πέρσης
1101 2868 1224 2948 στρατὸς
1261 2870 1438 2949 [βάρβαρος]

223 2979 392 3062 intrateper»
415 2989 477 3055 (vs.
501 2984 566 3055 98).
591 2983 786 3045 Cuiusmodi
810 2998 939 3044 errores
962 2984 992 3043 si
1015 2999 1116 3058 quem
1138 2985 1249 3047 locum
1273 2985 1438 3061 poeticum

222 3097 413 3174 invaserunt,
445 3097 554 3158 multo
581 3098 691 3172 magis
713 3097 784 3158 illic
807 3098 887 3161 sunt
909 3098 1083 3159 metuendi
1107 3114 1207 3172 quam
1232 3099 1265 3159 in
1289 3099 1443 3174 operibus

223 3225 291 3282 quae
313 3226 411 3287 prosa
434 3210 586 3272 oratione
609 3214 690 3272 sunt
717 3213 889 3287 concepta.

258 3324 334 3385 Nam
368 3339 443 3385 raro
477 3322 517 3384 fit
549 3325 589 3384 ut
622 3324 714 3384 omni
748 3339 826 3384 cura
861 3339 1078 3386 numerorum
1109 3325 1279 3400 ipsiusque
1310 3326 1440 3386 numeri

224 3437 409 3509 syllabarum
441 3437 571 3497 abiecta
600 3436 754 3498 librarius
777 3438 887 3498 medio
911 3439 1024 3499 versui
1049 3438 1219 3513 glossema
1242 3442 1312 3498 tam
1338 3439 1429 3513 impu

224 3550 320 3612 denter
341 3553 468 3613 inserat
491 3566 591 3625 quam
613 3551 648 3611 in
672 3551 699 3609 V
723 3550 849 3612 iactum
874 3554 926 3612 est
948 3551 1032 3612 Ran.
1058 3553 1142 3612 625:

338 3663 379 3741 μὴ
403 3657 465 3742 δῆτ’
492 3657 583 3742 ἔμοιγ’
608 3662 714 3735 οὕτως·
741 3661 846 3736 [ἄνευ
870 3667 996 3741 τιμῆς]
1021 3659 1161 3741 βασάνιζ’
1189 3663 1365 3744 ἀπαγαγών.

225 3774 277 3836 Ubi
297 3780 422 3840 sincera
446 3811 487 3821 —
512 3792 614 3851 quam
638 3776 773 3852 praebet
795 3778 824 3838 R
850 3810 890 3821 —
915 3779 998 3839 baec
1023 3782 1074 3839 est
1098 3779 1214 3839 lectio:

340 3889 380 3968 μὴ
405 3884 467 3968 δῆτ’
492 3884 595 3969 ἔμοιγ’·
620 3888 698 3949 οὕτω
722 3885 755 3949 ai
778 3885 919 3968 βασάνιζ’
946 3888 1123 3972 ἀπαγαγών.
1210 3934 1266 3981 ,m
1300 3942 1368 3993 um

227 3999 356 4064 Habebat
378 4004 482 4079 igitur
506 4003 630 4065 codicis
649 4002 675 4061 V
700 4005 796 4079 pater
820 4003 872 4064 vel
895 4019 981 4065 avus
1005 4007 1187 4066 atavusve:
1208 4004 1288 4065 οὕτω
1308 4001 1352 4066 δὲ.
1374 4001 1436 4080 Sic,

227 4113 388 4178 laruda
405 4117 508 4193 pretio
525 4117 693 4192 persoluto.

262 4227 364 4290 Simile
400 4230 560 4291 mendum
595 4229 630 4290 in
663 4229 692 4288 R
722 4231 774 4288 est
805 4229 879 4290 Pac.
910 4231 985 4305 275,
1017 4230 1074 4291 ubi
1098 4231 1333 4305 colloquuntur
1356 4230 1439 4291 Belli

229 4336 293 4401 deus
313 4345 343 4403 et
367 4344 439 4404 eius
463 4341 628 4404 ramulus:

607 4453 722 4516 οὐκοῦν
737 4500 744 4512 .
757 4500 764 4514 .
778 4499 784 4513 .
797 4452 878 4552 μέτει

300 4563 408 4640 ἆνύσοις
431 4591 475 4636 τι;
499 4602 541 4611 -
568 4571 705 4646 [χωρῶ]
730 4563 810 4627 ταῦτ’
837 4560 860 4628 ὦ
884 4563 1021 4628 δέσποθ’.
1049 4602 1086 4610 -
1113 4560 1167 4645 ἧκέ
1191 4592 1248 4629 νυν
1272 4570 1355 4648 ταχύ.

235 4725 425 4741 ἣ·-

258 4828 276 4890 ¹)
290 4836 324 4882 or.
339 4852 396 4898 pag.
414 4841 473 4896 roc,
490 4841 515 4886 a.

275 4921 315 4966 aa
