4067 5950
712 789 791 834 vrrs
812 791 852 835 rr
875 791 1044 838 curamue.
1449 779 1491 838 95

185 999 189 1006 -
254 960 310 1021 cui
345 960 443 1022 facile
477 961 669 1036 ignoscatur
702 962 732 1021 si
760 961 839 1036 quid
869 964 1050 1025 verborum
1080 979 1198 1039 parum
1234 965 1493 1027 verecundorum

252 1073 380 1135 habeat
398 1089 454 1135 ars
478 1075 552 1135 eius
574 1074 682 1135 hilara
705 1107 747 1117 -
772 1078 806 1136 ei
825 1075 926 1138 habet
949 1092 1031 1139 sane
1051 1078 1155 1139 nimis
1175 1078 1300 1139 multat
1321 1079 1347 1138 E
1366 1080 1494 1155 priscae

255 1190 374 1248 autem
409 1189 599 1250 comoediae
629 1189 773 1250 dictione
802 1205 880 1252 cum
911 1192 1113 1253 transfertur
1144 1192 1178 1253 in
1200 1193 1290 1253 vitae
1314 1193 1494 1254 hodiernae

254 1318 452 1364 sermonem
486 1303 656 1378 aliquanto
690 1305 799 1380 magis
829 1307 1048 1382 castigatum,
1085 1305 1330 1382 spectatoribus
1364 1308 1496 1381 praeter

254 1417 351 1492 pacis
373 1433 474 1492 quam
497 1418 643 1492 primum
666 1417 830 1479 ineundae
854 1418 1030 1479 consilium
1055 1435 1075 1479 a
1096 1421 1195 1494 poeta
1217 1420 1279 1480 hoc
1297 1419 1494 1494 praesertim

254 1531 528 1606 perpendendum
562 1530 701 1591 offertur
741 1531 919 1606 placitum:
962 1532 1158 1594 mulieribus
1197 1532 1307 1595 deberi
1341 1533 1494 1608 quicquid

256 1645 332 1705 vita
366 1644 488 1704 habeat
518 1645 665 1720 amoeni,
697 1645 789 1720 pacis
820 1647 922 1720 atque
951 1645 1074 1721 quietis
1103 1645 1180 1706 illas
1210 1660 1284 1708 esse
1307 1646 1493 1723 ministras,

255 1774 321 1818 nec
352 1759 426 1819 sine
449 1757 491 1818 iis
514 1758 586 1818 sive
610 1758 700 1818 domi
723 1759 795 1819 sive
818 1759 852 1819 in
875 1773 910 1819 re
934 1758 1067 1834 publica
1086 1759 1169 1820 recti
1192 1759 1374 1821 consistere
1397 1775 1495 1836 posse

256 1885 449 1945 quicquam.

851 2123 906 2185 VI.

306 2328 418 2388 Pluris
447 2327 604 2389 mulieres
635 2341 677 2387 ne
707 2327 861 2388 Socrates
892 2326 1026 2400 quidem
1057 2327 1167 2388 iacere
1191 2327 1301 2403 potuit
1326 2328 1380 2389 vel
1402 2327 1496 2389 Plato

258 2442 316 2503 vel
349 2442 498 2517 quisquis
530 2443 569 2503 de
599 2443 747 2517 perlecta
777 2441 915 2503 civitate
945 2441 1121 2516 disputans
1144 2441 1292 2503 remedia
1314 2442 1493 2519 quaesivit,

260 2556 384 2630 quibus
418 2555 594 2617 hominum
628 2556 701 2616 vita
730 2557 764 2616 in
795 2555 918 2616 melius
948 2557 1063 2630 posset
1093 2555 1235 2630 mutari;
1260 2571 1321 2617 nec
1343 2555 1439 2617 facile
1462 2556 1496 2616 ln

259 2669 538 2745 philosophorum
561 2670 716 2745 operibus
738 2669 923 2744 reperiatur
955 2669 1043 2744 quod
1066 2670 1163 2730 sexui
1185 2668 1336 2730 debiliori
1358 2671 1427 2730 tam
1452 2670 1498 2729 sit

257 2780 482 2844 honorificum
512 2797 611 2857 quam
644 2783 707 2843 hae
737 2785 817 2843 sunt
839 2783 988 2844 facetiae.
1013 2782 1161 2844 Indolem
1186 2783 1384 2844 muliebrem
1406 2781 1496 2843 virili

257 2896 350 2956 haud
380 2895 570 2957 inferiorem
602 2911 676 2958 esse
704 2896 876 2971 perhibere
907 2895 1036 2956 solebat
1066 2896 1217 2957 Socrates
1240 2895 1310 2972 ille,
1335 2911 1433 2969 quem
1459 2896 1493 2955 in

257 3008 413 3071 Nubibus
442 3008 555 3071 fabula
584 3010 825 3085 Aristophanes
853 3009 994 3071 ludibrio
1025 3010 1155 3071 habuit:
1188 3011 1249 3071 hac
1280 3012 1367 3071 certe
1398 3011 1431 3069 in
1459 3025 1495 3070 re

258 3123 427 3183 comicum
452 3138 589 3198 prorsus
612 3138 688 3184 cum
711 3124 863 3199 sapiente
885 3122 994 3184 iacere
1017 3125 1164 3198 apparet.

307 3349 417 3410 Etiam
445 3349 606 3425 Euripidi,
631 3350 687 3424 qui
710 3364 785 3409 cum
810 3348 944 3410 Socrate
968 3348 1118 3411 amicitia
1141 3349 1277 3410 iunctus
1299 3350 1364 3410 fuit
1386 3353 1495 3412 aetate

258 3463 373 3538 paullo
400 3463 594 3540 provectior,
619 3463 658 3523 de
680 3462 877 3525 mulieribus
900 3463 983 3523 haec
1006 3464 1078 3523 erat
1101 3463 1275 3523 sententia.
1304 3462 1366 3523 Sed
1390 3478 1495 3537 neque

257 3578 379 3653 poetae
413 3576 539 3651 tragico
572 3589 678 3650 neque
711 3574 906 3650 philosopho
936 3575 1026 3636 laudi
1056 3575 1089 3635 id
1119 3575 1215 3636 duxit
1245 3576 1494 3650 Aristophanes.

259 3691 326 3767 Qui
362 3705 437 3752 cum
471 3691 611 3763 utroque
645 3688 715 3747 viro
749 3686 829 3747 licet
860 3688 996 3763 saepius
1030 3688 1247 3761 concurrerit,
1283 3703 1349 3748 non
1382 3690 1495 3749 tamen

257 3804 423 3864 utriusvis
441 3802 573 3878 ingenio
595 3802 704 3877 magis
727 3802 839 3863 lavere
862 3802 977 3862 didicit
999 3802 1142 3876 sensim,
1167 3802 1225 3862 sed
1249 3816 1355 3862 novae
1375 3803 1495 3864 aetatis

258 3918 374 3978 studia
402 3917 531 3993 poetica
553 3919 587 3977 et
609 3916 739 3977 musica
762 3915 864 3977 etiam
887 3916 997 3991 magis
1021 3916 1204 3991 despicatui
1226 3916 1341 3977 habuit
1363 3930 1495 3990 semper

257 4031 463 4105 graviusque
493 4033 544 4091 est
575 4044 714 4105 perosus
736 4044 837 4104 quam
863 4044 970 4090 novae
993 4030 1117 4091 aetatis
1139 4030 1349 4105 sapientiam.
1373 4027 1495 4105 Quippe

257 4145 370 4219 magis
398 4145 463 4220 ipsi
493 4143 648 4205 molesta.
672 4143 755 4204 Nam
781 4143 1007 4218 sophistarum
1031 4143 1168 4204 inventa
1191 4141 1310 4202 licebat
1332 4141 1495 4202 ridentem

257 4259 454 4333 praeterire,
475 4272 580 4331 neque
600 4271 683 4332 opus
703 4258 775 4317 erat
794 4255 983 4316 istiusmodi
1002 4270 1166 4331 nugarum
1183 4256 1346 4315 rationem
1361 4254 1494 4331 hahere,

259 4371 327 4431 nisi
350 4371 451 4432 ferret
472 4369 601 4430 lubido:
627 4368 698 4445 ipse
724 4369 758 4429 ln
781 4383 846 4441 quo
869 4368 1110 4444 Aristophanes
1133 4366 1305 4428 habitabat
1324 4368 1406 4427 artis
1423 4381 1495 4441 poe·

257 4484 348 4545 ticae
370 4483 460 4544 orbis
482 4483 511 4543 si
535 4498 618 4557 quas
637 4481 781 4542 habebat
799 4496 899 4543 voces
918 4481 1075 4558 absonas,
1096 4481 1148 4541 his
1168 4495 1266 4541 aures
1285 4479 1495 4554 praecludere

259 4613 326 4658 non
357 4598 498 4673 poterat.
528 4596 617 4656 Nulli
641 4598 755 4656 autem
780 4595 853 4656 soni
877 4594 1094 4668 quantumvis
1118 4593 1240 4669 ingrati
1264 4591 1443 4653 violentius
1467 4594 1496 4653 ei

258 4710 363 4771 bilem
385 4709 566 4771 movebant
588 4724 688 4783 quam
711 4708 877 4784 Euripidis
900 4708 988 4768 dicta
1011 4709 1045 4768 et
1068 4690 1208 4768 cantica.

305 4823 384 4884 Fuit
405 4822 494 4884 enim
517 4822 690 4897 Euripides
712 4822 787 4882 aevi
809 4821 900 4882 illius
918 4820 1111 4881 recentioris
1129 4832 1261 4894 praeco,
1281 4818 1367 4891 quod
1385 4817 1494 4893 prisca
