4067 5950
703 771 783 817 VI‘I'A
805 772 845 817 H
868 771 1040 821 curamue.

482 945 736 1020 ,Lacrimaeque
758 945 860 1019 ionga
883 960 966 1019 quos
989 946 1147 1021 opprimit
1171 948 1280 1023 aetas,

571 1057 665 1134 ,Tibi
685 1057 765 1118 dum
787 1073 883 1120 secra
903 1060 1085 1134 praestant.

572 1172 662 1248 ,Age
683 1187 771 1233 nunc
792 1171 863 1232 iace
886 1170 1003 1232 lucens

482 1287 568 1364 ,Iter
591 1285 633 1347 ad
657 1301 813 1363 campum
836 1284 977 1347 hilarem
1002 1285 1014 1348 i
1037 1302 1126 1364 prae,

571 1399 740 1476 ,Nitidum
763 1414 881 1475 agrum
905 1399 1026 1461 chorus
1049 1402 1087 1461 ut

572 1512 769 1589 ,Iuvenum,
794 1527 813 1573 o
836 1513 921 1589 dire,
947 1512 1171 1587 frequenten’·

300 1626 426 1701 Quibus
465 1626 554 1687 ludis
591 1628 770 1701 postquam
804 1625 951 1687 viatores
984 1623 1092 1687 nostri
1126 1627 1367 1703 aliquantisper
1404 1626 1490 1688 ciam

251 1739 433 1801 adfuerunt
455 1740 488 1801 in
508 1754 644 1801 recessu
663 1738 806 1814 quedam
829 1736 947 1815 abditi,
972 1739 1166 1801 continuato
1189 1741 1308 1802 itinere
1331 1740 1371 1801 ad
1395 1739 1492 1801 aedes

251 1852 430 1913 Plutonias
452 1853 587 1914 tandem
610 1851 819 1929 perveniunt.
842 1852 983 1912 Ianuam
1001 1851 1169 1928 Dionysus
1186 1853 1316 1929 pulsat:
1344 1854 1487 1930 ,aditum

252 1967 340 2041 petit
364 1965 557 2026 Hercules.”

298 2081 357 2140 Ira
390 2079 535 2152 percitus
568 2078 737 2154 extemplo
768 2078 858 2138 iores
888 2077 956 2139 ruit
986 2078 1117 2139 ianitor.
1150 2077 1324 2154 ,Rediitne
1351 2079 1403 2140 iur
1426 2078 1491 2154 ille,

256 2193 334 2269 ,qui
361 2206 477 2253 canem
501 2191 597 2253 nobie
619 2191 843 2252 domesticum
867 2193 947 2252 tunc
969 2189 1155 2252 abstulit?’'

299 2306 439 2379 Iamque
469 2319 512 2366 ex
538 2303 666 2366 deliciis
689 2302 757 2364 iilis
779 2303 963 2380 Euripideie
985 2303 1062 2380 plus
1085 2303 1169 2365 satis
1192 2303 1338 2377 Dionyso
1360 2306 1493 2380 gusten-

254 2422 336 2481 dum
378 2418 571 2494 praebetur;
614 2431 693 2478 nam
727 2416 844 2492 tragici
878 2419 996 2493 poetae
1030 2417 1141 2479 verbis
1175 2432 1241 2480 non
1276 2417 1341 2478 nisi
1375 2416 1492 2479 leviter

254 2534 449 2596 immutatis
472 2534 618 2594 furorem
643 2545 803 2593 evomens
826 2531 915 2606 regis
937 2531 1058 2594 inierni
1081 2531 1250 2593 minister:

439 2647 590 2723 ,Audax,
615 2660 753 2723 procax,
777 2648 945 2721 proterve,
970 2645 1023 2706 eui
1051 2645 1164 2707 nuilus
1186 2646 1300 2722 pudor,

438 2759 701 2836 ,Abominande,
728 2761 762 2820 et
784 2759 814 2820 si
837 2758 916 2833 quid
941 2761 994 2823 est
1016 2759 1125 2820 dirum
1149 2761 1273 2835 magist

440 2875 618 2950 ,Nostrum
643 2886 760 2934 canem
784 2871 840 2945 qui
864 2870 1042 2933 Cerberum
1065 2873 1142 2934 bino
1164 2873 1315 2948 abegeris

440 2988 685 3064 ,Prensumque
709 2966 793 3049 colle
816 2986 1018 3049 suffocatum
1041 2988 1205 3065 rapueris,

439 3103 526 3179 ,ligo
548 3116 648 3178 quem
672 3100 807 3163 tuebar:
832 3116 921 3163 nunc
944 3102 1068 3163 teneris
1091 3100 1248 3163 tirmiteri

440 3217 548 3294 ,iniis
570 3214 686 3291 stygis
709 3218 743 3277 te
769 3215 865 3277 corde
889 3216 1007 3277 durato
1031 3216 1117 3291 iupis

438 3330 725 3407 ,Acherusiusoue
749 3328 908 3406 scopulus
931 3330 1063 3390 undans
1084 3328 1247 3403 sanguine

438 3443 656 3521 ,custodiunt
678 3444 831 3516 cautique
856 3443 971 3517 cocyti
995 3458 1110 3519 cenea,

439 3557 605 3634 ,Echidna
627 3557 874 3632 centicepsque,
899 3571 983 3630 quae
1006 3558 1066 3617 tua
1089 3557 1219 3619 viscera

437 3670 646 3747 ,Dilaniabit
670 3671 791 3731 Latera
814 3669 970 3745 corripiet
993 3671 1053 3730 tua

437 3784 608 3860 ,Tartesia
631 3799 807 3861 muraena,
832 3799 930 3845 renes
953 3785 990 3844 et
1012 3785 1090 3844 tuos

437 3899 668 3973 ,cruentaque
690 3896 854 3959 intestina
876 3898 1045 3974 diripient,
1070 3896 1186 3975 miser,

440 4012 618 4088 ,Quicquid
641 4012 869 4088 Megaerarum
896 4012 1025 4073 Subura
1048 4011 1123 4072 Orci
1145 4014 1251 4088 tenet,

438 4126 547 4203 ,Quae
569 4126 639 4185 iam
663 4126 765 4187 citato
788 4125 869 4202 pede
892 4127 1004 4201 petam
1030 4128 1126 4185 tuum
1150 4126 1191 4186 ad
1214 4125 1376 4188 malum.”

305 4241 390 4315 Quae
423 4256 505 4301 voce
536 4239 665 4313 ingenti
695 4242 874 4315 postquam
905 4238 1028 4314 mugiit
1058 4239 1188 4315 ianitor,
1221 4240 1262 4299 ad
1293 4237 1420 4299 auxilia
1441 4253 1491 4313 pe·

261 4354 357 4414 tenda
376 4352 528 4428 recurrit,
553 4352 654 4413 ianua
672 4351 754 4412 bene
773 4353 916 4414 occlusa.
937 4353 1106 4427 Dionysus
1126 4354 1238 4413 autem
1259 4352 1352 4413 humi
1367 4351 1494 4427 proruit

263 4466 455 4541 vepallidus.
479 4465 539 4528 Oui
562 4464 673 4526 ridens
697 4465 882 4527 Xanthias:

307 4610 345 4622 -
372 4580 528 4656 ,Adeone
551 4579 698 4640 times?”

307 4726 344 4735 —
372 4693 485 4769 ,Tune
508 4707 589 4753 vero
612 4706 679 4752 non
703 4691 849 4751 timae?”

304 4838 342 4849 -
370 4805 526 4883 ,Minime
548 4820 672 4866 rerum.
698 4803 780 4880 Quid
805 4804 936 4865 enim!‘’
