<?xml version="1.0" encoding="UTF-8"?>
<!DOCTYPE html PUBLIC "-//W3C//DTD XHTML 1.0 Transitional//EN"
    "http://www.w3.org/TR/xhtml1/DTD/xhtml1-transitional.dtd">
<html xmlns="http://www.w3.org/1999/xhtml" xml:lang="en" lang="en">
 <head>
  <title>
</title>
<meta http-equiv="Content-Type" content="text/html;charset=utf-8" />
  <meta name='ocr-system' content='tesseract 3.04.00' />
  <meta name='ocr-capabilities' content='ocr_page ocr_carea ocr_par ocr_line ocrx_word'/>
</head>
<body>
  <div class='ocr_page' id='page_1' title='image "./prolegomenaadar01unkngoog/prolegomenaadar01unkngoog_0316.png"; bbox 0 0 4067 5950; ppageno 0'>
   <div class='ocr_carea' id='block_1_1' title="bbox 574 733 1368 827">
    <p class='ocr_par' dir='ltr' id='par_1_1' title="bbox 574 733 1368 827">
     <span class='ocr_line' id='line_1_1' title="bbox 574 733 1368 827; baseline 0.045 -36"><span class='ocrx_word' id='word_1_1' title='bbox 574 733 640 793; x_wconf 85' lang='lat'>804</span> <span class='ocrx_word' id='word_1_2' title='bbox 1017 766 1060 812; x_wconf 83' lang='lat' dir='ltr'>nu</span> <span class='ocrx_word' id='word_1_3' title='bbox 1083 770 1192 818; x_wconf 84' lang='lat' dir='ltr'>rnxrn</span> <span class='ocrx_word' id='word_1_4' title='bbox 1215 776 1368 827; x_wconf 71' lang='lat' dir='ltr'>rmnrrc.</span> 
     </span>
    </p>
   </div>
   <div class='ocr_carea' id='block_1_2' title="bbox 569 919 1774 1155">
    <p class='ocr_par' dir='ltr' id='par_1_2' title="bbox 569 919 1839 1155">
     <span class='ocr_line' id='line_1_2' title="bbox 571 919 1773 1042; baseline 0.043 -64"><span class='ocrx_word' id='word_1_5' title='bbox 571 919 692 996; x_wconf 84' lang='lat' dir='ltr'>quippe</span> <span class='ocrx_word' id='word_1_6' title='bbox 713 922 749 985; x_wconf 92' lang='lat' dir='ltr'>in</span> <span class='ocrx_word' id='word_1_7' title='bbox 770 941 807 988; x_wconf 89' lang='lat' dir='ltr'>re</span> <span class='ocrx_word' id='word_1_8' title='bbox 828 929 967 1010; x_wconf 83' lang='lat' dir='ltr'>incerta,</span> <span class='ocrx_word' id='word_1_9' title='bbox 991 951 1071 999; x_wconf 87' lang='lat' dir='ltr'>nam</span> <span class='ocrx_word' id='word_1_10' title='bbox 1095 944 1265 1009; x_wconf 82' lang='lat' dir='ltr'>utrumvis</span> <span class='ocrx_word' id='word_1_11' title='bbox 1287 956 1378 1015; x_wconf 89' lang='lat' dir='ltr'>recte</span> <span class='ocrx_word' id='word_1_12' title='bbox 1401 955 1536 1037; x_wconf 83' lang='lat' dir='ltr'>dicitur,</span> <span class='ocrx_word' id='word_1_13' title='bbox 1560 996 1603 1005; x_wconf 92' lang='lat'>-</span> <span class='ocrx_word' id='word_1_14' title='bbox 1623 966 1737 1027; x_wconf 88' lang='lat' dir='ltr'>redite.</span> <span class='ocrx_word' id='word_1_15' title='bbox 1752 984 1773 1042; x_wconf 82' lang='lat' dir='ltr'>g.</span> 
     </span>
     <span class='ocr_line' id='line_1_3' title="bbox 569 1031 1774 1155; baseline 0.042 -65"><span class='ocrx_word' id='word_1_16' title='bbox 569 1031 647 1106; x_wconf 72' lang='lat' dir='ltr'>Lyd.</span> <span class='ocrx_word' id='word_1_17' title='bbox 678 1036 755 1114; x_wconf 82' lang='lat'>941,</span> <span class='ocrx_word' id='word_1_18' title='bbox 788 1040 844 1103; x_wconf 90' lang='lat' dir='ltr'>ubl</span> <span class='ocrx_word' id='word_1_19' title='bbox 874 1045 908 1106; x_wconf 81' lang='lat' dir='ltr'>in</span> <span class='ocrx_word' id='word_1_20' title='bbox 940 1048 969 1109; x_wconf 87' lang='lat' dir='ltr'><strong>R</strong></span> <span class='ocrx_word' id='word_1_21' title='bbox 992 1050 1114 1127; x_wconf 75' lang='lat' dir='ltr'>legitur</span> <span class='ocrx_word' id='word_1_22' title='bbox 1136 1058 1274 1135; x_wconf 77' lang='grc' dir='ltr'>πρότεινε</span> <span class='ocrx_word' id='word_1_23' title='bbox 1298 1062 1344 1143; x_wconf 74' lang='grc' dir='ltr'>δὴ</span> <span class='ocrx_word' id='word_1_24' title='bbox 1368 1064 1425 1145; x_wconf 75' lang='grc' dir='ltr'>τὴν</span> <span class='ocrx_word' id='word_1_25' title='bbox 1448 1076 1543 1151; x_wconf 70' lang='grc' dir='ltr'><strong><em>χεῖρα,</em></strong></span> <span class='ocrx_word' id='word_1_26' title='bbox 1564 1076 1600 1137; x_wconf 89' lang='lat' dir='ltr'>in</span> <span class='ocrx_word' id='word_1_27' title='bbox 1621 1080 1649 1136; x_wconf 90' lang='grc' dir='ltr'>Γ</span> <span class='ocrx_word' id='word_1_28' title='bbox 1667 1079 1774 1155; x_wconf 74' lang='grc' dir='ltr'><strong><em>πρότεινε</em></strong></span> 
     </span>
    </p>
   </div>
   <div class='ocr_carea' id='block_1_3' title="bbox 570 1153 738 1229">
    <p class='ocr_par' dir='ltr' id='par_1_3' title="bbox 570 1153 738 1229">
     <span class='ocr_line' id='line_1_4' title="bbox 570 1153 738 1229; baseline 0.03 -26"><span class='ocrx_word' id='word_1_29' title='bbox 570 1153 738 1229; x_wconf 52' lang='grc' dir='ltr'><strong><em>νῦντ.χ</em></strong></span> 
     </span>
    </p>
   </div>
   <div class='ocr_carea' id='block_1_4' title="bbox 558 1260 1842 2405">
    <p class='ocr_par' dir='ltr' id='par_1_4' title="bbox 612 1260 1515 1487">
     <span class='ocr_line' id='line_1_5' title="bbox 612 1260 1315 1353; baseline 0.046 -34"><span class='ocrx_word' id='word_1_30' title='bbox 612 1260 699 1324; x_wconf 91' lang='lat' dir='ltr'>Plut.</span> <span class='ocrx_word' id='word_1_31' title='bbox 724 1265 973 1337; x_wconf 71' lang='lat' dir='ltr'>tremuerant</span> <span class='ocrx_word' id='word_1_32' title='bbox 997 1279 1120 1345; x_wconf 91' lang='lat' dir='ltr'>codicis</span> <span class='ocrx_word' id='word_1_33' title='bbox 1144 1284 1173 1345; x_wconf 99' lang='lat' dir='ltr'><strong>V</strong></span> <span class='ocrx_word' id='word_1_34' title='bbox 1196 1287 1315 1353; x_wconf 86' lang='lat' dir='ltr'>lect-io:</span> 
     </span>
     <span class='ocr_line' id='line_1_6' title="bbox 835 1381 1515 1487; baseline 0.04 -43"><span class='ocrx_word' id='word_1_35' title='bbox 835 1381 929 1448; x_wconf 74' lang='grc' dir='ltr'><strong><em>ἄκουέ</em></strong></span> <span class='ocrx_word' id='word_1_36' title='bbox 950 1414 1020 1470; x_wconf 80' lang='grc' dir='ltr'><strong><em>νυν,</em></strong></span> <span class='ocrx_word' id='word_1_37' title='bbox 1042 1386 1082 1473; x_wconf 77' lang='grc' dir='ltr'>ἦν</span> <span class='ocrx_word' id='word_1_38' title='bbox 1104 1399 1160 1475; x_wconf 81' lang='grc' dir='ltr'>μοί</span> <span class='ocrx_word' id='word_1_39' title='bbox 1179 1424 1207 1462; x_wconf 77' lang='grc' dir='ltr'>τι</span> <span class='ocrx_word' id='word_1_40' title='bbox 1234 1406 1391 1485; x_wconf 70' lang='grc' dir='ltr'><strong><em>μειράκιον</em></strong></span> <span class='ocrx_word' id='word_1_41' title='bbox 1414 1410 1515 1487; x_wconf 78' lang='grc' dir='ltr'><strong><em>φίλον.</em></strong></span> 
     </span>
    </p>

    <p class='ocr_par' dir='ltr' id='par_1_5' title="bbox 565 1485 1837 1750">
     <span class='ocr_line' id='line_1_7' title="bbox 565 1485 1837 1609; baseline 0.04 -64"><span class='ocrx_word' id='word_1_42' title='bbox 565 1485 604 1547; x_wconf 95' lang='lat' dir='ltr'>In</span> <span class='ocrx_word' id='word_1_43' title='bbox 634 1491 768 1555; x_wconf 84' lang='lat' dir='ltr'>textum</span> <span class='ocrx_word' id='word_1_44' title='bbox 799 1499 922 1563; x_wconf 89' lang='lat' dir='ltr'>codicis</span> <span class='ocrx_word' id='word_1_45' title='bbox 952 1505 981 1566; x_wconf 87' lang='lat' dir='ltr'><strong>R</strong></span> <span class='ocrx_word' id='word_1_46' title='bbox 1010 1508 1146 1587; x_wconf 77' lang='lat' dir='ltr'><strong>irrepsit</strong></span> <span class='ocrx_word' id='word_1_47' title='bbox 1176 1516 1275 1581; x_wconf 88' lang='lat' dir='ltr'>lectio</span> <span class='ocrx_word' id='word_1_48' title='bbox 1302 1522 1419 1601; x_wconf 82' lang='lat' dir='ltr'>altera,</span> <span class='ocrx_word' id='word_1_49' title='bbox 1444 1527 1519 1589; x_wconf 92' lang='lat' dir='ltr'>dein</span> <span class='ocrx_word' id='word_1_50' title='bbox 1544 1537 1706 1607; x_wconf 87' lang='lat' dir='ltr'>expuncta</span> <span class='ocrx_word' id='word_1_51' title='bbox 1725 1536 1775 1609; x_wconf 89' lang='lat' dir='ltr'>est,</span> <span class='ocrx_word' id='word_1_52' title='bbox 1831 1533 1837 1596; x_wconf 83' lang='lat' dir='ltr'>i</span> 
     </span>
     <span class='ocr_line' id='line_1_8' title="bbox 565 1600 1837 1719; baseline 0.047 -60"><span class='ocrx_word' id='word_1_53' title='bbox 565 1600 666 1663; x_wconf 91' lang='lat' dir='ltr'>habet</span> <span class='ocrx_word' id='word_1_54' title='bbox 687 1608 778 1669; x_wconf 90' lang='lat' dir='ltr'>enim</span> <span class='ocrx_word' id='word_1_55' title='bbox 801 1602 916 1692; x_wconf 75' lang='grc' dir='ltr'><strong><em>ἦνκδή,</em></strong></span> <span class='ocrx_word' id='word_1_56' title='bbox 940 1620 1023 1683; x_wconf 89' lang='lat' dir='ltr'>item</span> <span class='ocrx_word' id='word_1_57' title='bbox 1047 1624 1077 1685; x_wconf 85' lang='grc' dir='ltr'><strong>Α</strong></span> <span class='ocrx_word' id='word_1_58' title='bbox 1100 1628 1173 1691; x_wconf 89' lang='lat' dir='ltr'>sine</span> <span class='ocrx_word' id='word_1_59' title='bbox 1196 1636 1331 1708; x_wconf 89' lang='lat' dir='ltr'>punctis</span> <span class='ocrx_word' id='word_1_60' title='bbox 1355 1628 1395 1715; x_wconf 76' lang='grc' dir='ltr'>ἦν</span> <span class='ocrx_word' id='word_1_61' title='bbox 1419 1638 1467 1719; x_wconf 77' lang='grc' dir='ltr'>δή.</span> <span class='ocrx_word' id='word_1_62' title='bbox 1835 1630 1837 1715; x_wconf 69' lang='lat' dir='ltr'><strong><em>f</em></strong></span> 
     </span>
    </p>

    <p class='ocr_par' dir='ltr' id='par_1_6' title="bbox 561 1699 1842 2080">
     <span class='ocr_line' id='line_1_9' title="bbox 610 1699 1778 1831; baseline 0.041 -55"><span class='ocrx_word' id='word_1_63' title='bbox 610 1715 664 1779; x_wconf 77' lang='lat' dir='ltr'>sic</span> <span class='ocrx_word' id='word_1_64' title='bbox 705 1724 785 1783; x_wconf 84' lang='lat' dir='ltr'>noto</span> <span class='ocrx_word' id='word_1_65' title='bbox 826 1699 966 1794; x_wconf 69' lang='lat' dir='ltr'>uoueri</span> <span class='ocrx_word' id='word_1_66' title='bbox 1008 1734 1082 1799; x_wconf 79' lang='lat'><strong>1000</strong></span> <span class='ocrx_word' id='word_1_67' title='bbox 1123 1764 1143 1815; x_wconf 78' lang='grc' dir='ltr'><em>η</em></span> <span class='ocrx_word' id='word_1_68' title='bbox 1178 1744 1221 1807; x_wconf 84' lang='lat' dir='ltr'>ac</span> <span class='ocrx_word' id='word_1_69' title='bbox 1256 1750 1387 1812; x_wconf 68' lang='lat' dir='ltr'>udices</span> <span class='ocrx_word' id='word_1_70' title='bbox 1421 1757 1546 1831; x_wconf 74' lang='lat' dir='ltr'>egregii</span> <span class='ocrx_word' id='word_1_71' title='bbox 1581 1758 1644 1819; x_wconf 83' lang='lat' dir='ltr'>eu</span> <span class='ocrx_word' id='word_1_72' title='bbox 1676 1762 1778 1822; x_wconf 80' lang='lat' dir='ltr'>uacent</span> 
     </span>
     <span class='ocr_line' id='line_1_10' title="bbox 561 1826 1842 1950; baseline 0.041 -64"><span class='ocrx_word' id='word_1_73' title='bbox 561 1826 716 1905; x_wconf 73' lang='grc' dir='ltr'><strong><em>χάλκι(ι)ιι</em></strong></span> <span class='ocrx_word' id='word_1_74' title='bbox 745 1834 812 1915; x_wconf 73' lang='grc' dir='ltr'>μέν,</span> <span class='ocrx_word' id='word_1_75' title='bbox 840 1856 907 1904; x_wconf 91' lang='lat' dir='ltr'>non</span> <span class='ocrx_word' id='word_1_76' title='bbox 938 1847 1051 1911; x_wconf 90' lang='lat' dir='ltr'>minus</span> <span class='ocrx_word' id='word_1_77' title='bbox 1080 1861 1256 1928; x_wconf 85' lang='lat' dir='ltr'>praestans</span> <span class='ocrx_word' id='word_1_78' title='bbox 1284 1862 1310 1921; x_wconf 94' lang='lat' dir='ltr'>P</span> <span class='ocrx_word' id='word_1_79' title='bbox 1332 1863 1453 1942; x_wconf 77' lang='grc' dir='ltr'><strong><em>χάλκιοι</em></strong></span> <span class='ocrx_word' id='word_1_80' title='bbox 1475 1869 1544 1948; x_wconf 71' lang='grc' dir='ltr'>γάρ,</span> <span class='ocrx_word' id='word_1_81' title='bbox 1567 1874 1668 1934; x_wconf 88' lang='lat' dir='ltr'>ceteri</span> <span class='ocrx_word' id='word_1_82' title='bbox 1689 1874 1777 1935; x_wconf 84' lang='lat' dir='ltr'>inrita</span> <span class='ocrx_word' id='word_1_83' title='bbox 1831 1875 1842 1950; x_wconf 73' lang='lat' dir='ltr'>i</span> 
     </span>
     <span class='ocr_line' id='line_1_11' title="bbox 561 1942 1842 2080; baseline 0.046 -80"><span class='ocrx_word' id='word_1_84' title='bbox 561 1942 672 2016; x_wconf 88' lang='lat' dir='ltr'>prisca</span> <span class='ocrx_word' id='word_1_85' title='bbox 694 1947 837 2014; x_wconf 82' lang='lat' dir='ltr'>dictione</span> <span class='ocrx_word' id='word_1_86' title='bbox 859 1955 979 2033; x_wconf 73' lang='grc' dir='ltr'><strong><em>χάλκιοι</em></strong></span> <span class='ocrx_word' id='word_1_87' title='bbox 1002 1958 1059 2039; x_wconf 71' lang='grc' dir='ltr'>μὲν</span> <span class='ocrx_word' id='word_1_88' title='bbox 1078 1966 1146 2047; x_wconf 69' lang='grc' dir='ltr'>γάρ.</span> <span class='ocrx_word' id='word_1_89' title='bbox 1836 2036 1842 2080; x_wconf 74' lang='lat'>3</span> 
     </span>
    </p>

    <p class='ocr_par' dir='ltr' id='par_1_7' title="bbox 558 2058 1842 2405">
     <span class='ocr_line' id='line_1_12' title="bbox 604 2058 1842 2169; baseline 0.039 -51"><span class='ocrx_word' id='word_1_90' title='bbox 604 2058 672 2122; x_wconf 87' lang='lat' dir='ltr'>Nec</span> <span class='ocrx_word' id='word_1_91' title='bbox 700 2078 767 2125; x_wconf 91' lang='lat' dir='ltr'>nen</span> <span class='ocrx_word' id='word_1_92' title='bbox 796 2074 913 2144; x_wconf 87' lang='lat' dir='ltr'>aperta</span> <span class='ocrx_word' id='word_1_93' title='bbox 934 2089 990 2136; x_wconf 90' lang='lat' dir='ltr'>res</span> <span class='ocrx_word' id='word_1_94' title='bbox 1013 2081 1066 2139; x_wconf 90' lang='lat' dir='ltr'>est</span> <span class='ocrx_word' id='word_1_95' title='bbox 1088 2081 1145 2158; x_wconf 83' lang='lat' dir='ltr'>Eq.</span> <span class='ocrx_word' id='word_1_96' title='bbox 1170 2086 1247 2165; x_wconf 81' lang='grc'><strong>697,</strong></span> <span class='ocrx_word' id='word_1_97' title='bbox 1272 2090 1328 2151; x_wconf 92' lang='lat' dir='ltr'>ubi</span> <span class='ocrx_word' id='word_1_98' title='bbox 1353 2096 1485 2157; x_wconf 86' lang='lat' dir='ltr'>veteres</span> <span class='ocrx_word' id='word_1_99' title='bbox 1508 2098 1701 2161; x_wconf 80' lang='lat' dir='ltr'>dubitabant</span> <span class='ocrx_word' id='word_1_100' title='bbox 1721 2117 1776 2162; x_wconf 85' lang='lat' dir='ltr'>ver·</span> <span class='ocrx_word' id='word_1_101' title='bbox 1835 2095 1842 2169; x_wconf 67' lang='grc' dir='ltr'>ζ,</span> 
     </span>
     <span class='ocr_line' id='line_1_13' title="bbox 559 2171 1836 2277; baseline 0.036 -46"><span class='ocrx_word' id='word_1_102' title='bbox 559 2171 644 2236; x_wconf 91' lang='lat' dir='ltr'>bone</span> <span class='ocrx_word' id='word_1_103' title='bbox 675 2181 922 2257; x_wconf 76' lang='grc' dir='ltr'><strong><em>περικοκκΰσαι</em></strong></span> <span class='ocrx_word' id='word_1_104' title='bbox 951 2204 995 2250; x_wconf 88' lang='lat' dir='ltr'>an</span> <span class='ocrx_word' id='word_1_105' title='bbox 1027 2186 1217 2259; x_wconf 66' lang='grc' dir='ltr'><strong><em>-κοκκᾶσιιι</em></strong></span> <span class='ocrx_word' id='word_1_106' title='bbox 1249 2206 1398 2268; x_wconf 86' lang='lat' dir='ltr'>comicus</span> <span class='ocrx_word' id='word_1_107' title='bbox 1429 2212 1519 2270; x_wconf 91' lang='lat' dir='ltr'>esset</span> <span class='ocrx_word' id='word_1_108' title='bbox 1541 2227 1634 2274; x_wconf 89' lang='lat' dir='ltr'>usus.</span> <span class='ocrx_word' id='word_1_109' title='bbox 1657 2215 1776 2275; x_wconf 89' lang='lat' dir='ltr'>Photius</span> <span class='ocrx_word' id='word_1_110' title='bbox 1835 2200 1836 2277; x_wconf 60' lang='grc' dir='ltr'>Ϊ</span> 
     </span>
     <span class='ocr_line' id='line_1_14' title="bbox 558 2288 1842 2405; baseline 0.038 -60"><span class='ocrx_word' id='word_1_111' title='bbox 558 2288 676 2350; x_wconf 84' lang='lat' dir='ltr'>scribit</span> <span class='ocrx_word' id='word_1_112' title='bbox 697 2294 932 2378; x_wconf 74' lang='grc' dir='ltr'><strong><em>περιεκόκκασα,</em></strong></span> <span class='ocrx_word' id='word_1_113' title='bbox 955 2306 1086 2368; x_wconf 89' lang='lat' dir='ltr'>codices</span> <span class='ocrx_word' id='word_1_114' title='bbox 1109 2309 1138 2368; x_wconf 93' lang='lat' dir='ltr'><strong>V</strong></span> <span class='ocrx_word' id='word_1_115' title='bbox 1162 2316 1196 2374; x_wconf 87' lang='lat' dir='ltr'>et</span> <span class='ocrx_word' id='word_1_116' title='bbox 1226 2316 1374 2393; x_wconf 86' lang='lat' dir='ltr'>plerique</span> <span class='ocrx_word' id='word_1_117' title='bbox 1404 2323 1564 2398; x_wconf 80' lang='lat' dir='ltr'>praebent</span> <span class='ocrx_word' id='word_1_118' title='bbox 1593 2346 1679 2403; x_wconf 80' lang='grc' dir='ltr'><strong><em>-υσα,</em></strong></span> <span class='ocrx_word' id='word_1_119' title='bbox 1705 2328 1777 2388; x_wconf 79' lang='lat' dir='ltr'>inii</span> <span class='ocrx_word' id='word_1_120' title='bbox 1841 2398 1842 2405; x_wconf 7' lang='grc' dir='ltr'>χ</span> 
     </span>
    </p>
   </div>
   <div class='ocr_carea' id='block_1_5' title="bbox 557 2404 1842 2606">
    <p class='ocr_par' dir='ltr' id='par_1_8' title="bbox 557 2404 1842 2606">
     <span class='ocr_line' id='line_1_15' title="bbox 559 2404 1842 2537; baseline 0.033 -76"><span class='ocrx_word' id='word_1_121' title='bbox 559 2416 637 2465; x_wconf 87' lang='lat' dir='ltr'>vero</span> <span class='ocrx_word' id='word_1_122' title='bbox 659 2404 783 2481; x_wconf 74' lang='lat' dir='ltr'>legitur</span> <span class='ocrx_word' id='word_1_123' title='bbox 804 2415 1080 2492; x_wconf 75' lang='grc' dir='ltr'><strong><em>κιριικόκκιιιισα.</em></strong></span> <span class='ocrx_word' id='word_1_124' title='bbox 1101 2423 1161 2499; x_wconf 81' lang='lat' dir='ltr'>Qui</span> <span class='ocrx_word' id='word_1_125' title='bbox 1181 2430 1327 2493; x_wconf 87' lang='lat' dir='ltr'>trimetri</span> <span class='ocrx_word' id='word_1_126' title='bbox 1346 2435 1457 2499; x_wconf 85' lang='lat' dir='ltr'>exitus</span> <span class='ocrx_word' id='word_1_127' title='bbox 1477 2441 1586 2500; x_wconf 90' lang='lat' dir='ltr'>metro</span> <span class='ocrx_word' id='word_1_128' title='bbox 1606 2456 1776 2517; x_wconf 82' lang='lat' dir='ltr'>repugnans</span> <span class='ocrx_word' id='word_1_129' title='bbox 1833 2531 1842 2537; x_wconf 15' lang='grc' dir='ltr'>Ἡ</span> 
     </span>
     <span class='ocr_line' id='line_1_16' title="bbox 557 2513 1246 2606; baseline 0.041 -29"><span class='ocrx_word' id='word_1_130' title='bbox 557 2513 816 2594; x_wconf 69' lang='grc' dir='ltr'><strong><em>θπεριεκόκκῗισα</em></strong></span> <span class='ocrx_word' id='word_1_131' title='bbox 841 2529 906 2598; x_wconf 81' lang='lat' dir='ltr'>(vel</span> <span class='ocrx_word' id='word_1_132' title='bbox 928 2522 1034 2603; x_wconf 53' lang='lat' dir='ltr'>addo)</span> <span class='ocrx_word' id='word_1_133' title='bbox 1058 2542 1111 2596; x_wconf 80' lang='lat' dir='ltr'>est</span> <span class='ocrx_word' id='word_1_134' title='bbox 1134 2543 1246 2606; x_wconf 76' lang='lat' dir='ltr'>natue.</span> 
     </span>
    </p>
   </div>
   <div class='ocr_carea' id='block_1_6' title="bbox 555 2631 1774 2844">
    <p class='ocr_par' dir='ltr' id='par_1_9' title="bbox 555 2603 1842 2844">
     <span class='ocr_line' id='line_1_17' title="bbox 599 2631 1774 2742; baseline 0.033 -48"><span class='ocrx_word' id='word_1_135' title='bbox 599 2631 682 2696; x_wconf 86' lang='lat' dir='ltr'>Rau.</span> <span class='ocrx_word' id='word_1_136' title='bbox 709 2638 795 2701; x_wconf 81' lang='lat'>1276</span> <span class='ocrx_word' id='word_1_137' title='bbox 817 2656 877 2716; x_wconf 92' lang='lat' dir='ltr'>pro</span> <span class='ocrx_word' id='word_1_138' title='bbox 900 2642 987 2704; x_wconf 80' lang='grc' dir='ltr'><strong><em>ὅδιον</em></strong></span> <span class='ocrx_word' id='word_1_139' title='bbox 1009 2662 1043 2707; x_wconf 88' lang='lat' dir='ltr'>ru</span> <span class='ocrx_word' id='word_1_140' title='bbox 1067 2648 1096 2707; x_wconf 93' lang='lat' dir='ltr'><strong>V</strong></span> <span class='ocrx_word' id='word_1_141' title='bbox 1120 2652 1262 2730; x_wconf 88' lang='lat' dir='ltr'>aliisque</span> <span class='ocrx_word' id='word_1_142' title='bbox 1284 2659 1407 2735; x_wconf 79' lang='lat' dir='ltr'>legitur</span> <span class='ocrx_word' id='word_1_143' title='bbox 1431 2662 1517 2725; x_wconf 77' lang='grc' dir='ltr'><strong><em>ὅσιοι</em></strong></span> <span class='ocrx_word' id='word_1_144' title='bbox 1540 2668 1650 2742; x_wconf 89' lang='lat' dir='ltr'>prisco</span> <span class='ocrx_word' id='word_1_145' title='bbox 1669 2684 1774 2730; x_wconf 87' lang='lat' dir='ltr'>errore.</span> 
     </span>
     <span class='ocr_line' id='line_1_18' title="bbox 555 2742 1217 2844; baseline 0.041 -35"><span class='ocrx_word' id='word_1_146' title='bbox 555 2749 638 2825; x_wconf 80' lang='lat' dir='ltr'>Quid</span> <span class='ocrx_word' id='word_1_147' title='bbox 661 2755 714 2816; x_wconf 77' lang='lat' dir='ltr'>ar</span> <span class='ocrx_word' id='word_1_148' title='bbox 737 2758 838 2823; x_wconf 80' lang='lat' dir='ltr'>uacet</span> <span class='ocrx_word' id='word_1_149' title='bbox 861 2757 894 2835; x_wconf 71' lang='grc' dir='ltr'>ὃς</span> <span class='ocrx_word' id='word_1_150' title='bbox 919 2763 997 2844; x_wconf 67' lang='lat' dir='ltr'>ent,</span> <span class='ocrx_word' id='word_1_151' title='bbox 1020 2771 1041 2833; x_wconf 81' lang='lat' dir='ltr'>r.</span> <span class='ocrx_word' id='word_1_152' title='bbox 1067 2790 1095 2836; x_wconf 81' lang='lat' dir='ltr'>e.</span> <span class='ocrx_word' id='word_1_153' title='bbox 1120 2742 1217 2837; x_wconf 66' lang='lat' dir='ltr'>etto.</span> 
     </span>
    </p>
   </div>
   <div class='ocr_carea' id='block_1_7' title="bbox 547 2866 1842 3549">
    <p class='ocr_par' dir='ltr' id='par_1_10' title="bbox 547 2866 1842 3549">
     <span class='ocr_line' id='line_1_19' title="bbox 597 2866 1842 2999; baseline 0.032 -74"><span class='ocrx_word' id='word_1_154' title='bbox 597 2866 689 2930; x_wconf 89' lang='lat' dir='ltr'>Idem</span> <span class='ocrx_word' id='word_1_155' title='bbox 719 2873 847 2936; x_wconf 91' lang='lat' dir='ltr'>obtinet</span> <span class='ocrx_word' id='word_1_156' title='bbox 874 2878 950 2953; x_wconf 84' lang='lat' dir='ltr'>Lys.</span> <span class='ocrx_word' id='word_1_157' title='bbox 976 2884 1030 2961; x_wconf 80' lang='lat'>45,</span> <span class='ocrx_word' id='word_1_158' title='bbox 1056 2886 1110 2947; x_wconf 91' lang='lat' dir='ltr'>ubi</span> <span class='ocrx_word' id='word_1_159' title='bbox 1133 2888 1306 2971; x_wconf 77' lang='grc' dir='ltr'><strong><em>κιμβιρίκ’</em></strong></span> <span class='ocrx_word' id='word_1_160' title='bbox 1332 2890 1521 2972; x_wconf 76' lang='grc' dir='ltr'><strong><em>ὀρθοστάδια</em></strong></span> <span class='ocrx_word' id='word_1_161' title='bbox 1544 2905 1683 2964; x_wconf 85' lang='lat' dir='ltr'>vocatur</span> <span class='ocrx_word' id='word_1_162' title='bbox 1703 2905 1774 2965; x_wconf 90' lang='lat' dir='ltr'>tuni·</span> <span class='ocrx_word' id='word_1_163' title='bbox 1841 2996 1842 2999; x_wconf 7' lang='grc' dir='ltr'><strong>Ἴ</strong></span> 
     </span>
     <span class='ocr_line' id='line_1_20' title="bbox 551 2985 1775 3088; baseline 0.036 -50"><span class='ocrx_word' id='word_1_164' title='bbox 551 2994 665 3043; x_wconf 89' lang='lat' dir='ltr'>carum</span> <span class='ocrx_word' id='word_1_165' title='bbox 711 2985 934 3056; x_wconf 86' lang='lat' dir='ltr'>leminearum</span> <span class='ocrx_word' id='word_1_166' title='bbox 969 3002 1155 3073; x_wconf 89' lang='lat' dir='ltr'>pretiosum</span> <span class='ocrx_word' id='word_1_167' title='bbox 1192 3008 1358 3080; x_wconf 89' lang='lat' dir='ltr'>quoddam</span> <span class='ocrx_word' id='word_1_168' title='bbox 1395 3029 1513 3088; x_wconf 79' lang='lat' dir='ltr'>genus.</span> <span class='ocrx_word' id='word_1_169' title='bbox 1548 3016 1623 3078; x_wconf 88' lang='lat' dir='ltr'>Vox</span> <span class='ocrx_word' id='word_1_170' title='bbox 1657 3020 1775 3080; x_wconf 85' lang='lat' dir='ltr'>aliunde</span> 
     </span>
     <span class='ocr_line' id='line_1_21' title="bbox 550 3094 1774 3210; baseline 0.033 -58"><span class='ocrx_word' id='word_1_171' title='bbox 550 3094 665 3167; x_wconf 80' lang='lat' dir='ltr'>ignota</span> <span class='ocrx_word' id='word_1_172' title='bbox 696 3105 862 3173; x_wconf 90' lang='lat' dir='ltr'>quomodo</span> <span class='ocrx_word' id='word_1_173' title='bbox 894 3112 984 3171; x_wconf 86' lang='lat' dir='ltr'>esset</span> <span class='ocrx_word' id='word_1_174' title='bbox 1014 3116 1188 3180; x_wconf 88' lang='lat' dir='ltr'>scribenda</span> <span class='ocrx_word' id='word_1_175' title='bbox 1217 3137 1336 3196; x_wconf 88' lang='lat' dir='ltr'>parum</span> <span class='ocrx_word' id='word_1_176' title='bbox 1361 3128 1538 3190; x_wconf 88' lang='lat' dir='ltr'>constabat</span> <span class='ocrx_word' id='word_1_177' title='bbox 1562 3131 1659 3210; x_wconf 88' lang='lat' dir='ltr'>olim,</span> <span class='ocrx_word' id='word_1_178' title='bbox 1682 3149 1774 3207; x_wconf 84' lang='lat' dir='ltr'>neque</span> 
     </span>
     <span class='ocr_line' id='line_1_22' title="bbox 549 3219 1842 3334; baseline 0.029 -65"><span class='ocrx_word' id='word_1_179' title='bbox 549 3225 639 3272; x_wconf 91' lang='lat' dir='ltr'>nunc</span> <span class='ocrx_word' id='word_1_180' title='bbox 659 3219 808 3296; x_wconf 87' lang='lat' dir='ltr'>constat;</span> <span class='ocrx_word' id='word_1_181' title='bbox 829 3237 908 3284; x_wconf 87' lang='lat' dir='ltr'>nam</span> <span class='ocrx_word' id='word_1_182' title='bbox 929 3232 1073 3308; x_wconf 84' lang='grc' dir='ltr'><strong><em>κιμμερί</em></strong></span> <span class='ocrx_word' id='word_1_183' title='bbox 1080 3226 1102 3289; x_wconf 89' lang='grc' dir='ltr'>κ’</span> <span class='ocrx_word' id='word_1_184' title='bbox 1125 3234 1226 3298; x_wconf 92' lang='lat' dir='ltr'>habet</span> <span class='ocrx_word' id='word_1_185' title='bbox 1245 3239 1350 3300; x_wconf 86' lang='lat' dir='ltr'>codex</span> <span class='ocrx_word' id='word_1_186' title='bbox 1362 3243 1396 3318; x_wconf 86' lang='grc' dir='ltr'>Γ,</span> <span class='ocrx_word' id='word_1_187' title='bbox 1409 3244 1495 3316; x_wconf 89' lang='lat' dir='ltr'>quod</span> <span class='ocrx_word' id='word_1_188' title='bbox 1508 3259 1640 3306; x_wconf 89' lang='lat' dir='ltr'>merum</span> <span class='ocrx_word' id='word_1_189' title='bbox 1655 3247 1773 3308; x_wconf 86' lang='lat' dir='ltr'>videtur</span> <span class='ocrx_word' id='word_1_190' title='bbox 1836 3289 1842 3334; x_wconf 29' lang='grc' dir='ltr'><strong><em>ι</em></strong></span> 
     </span>
     <span class='ocr_line' id='line_1_23' title="bbox 547 3324 1842 3464; baseline 0.032 -83"><span class='ocrx_word' id='word_1_191' title='bbox 547 3324 704 3399; x_wconf 82' lang='lat' dir='ltr'>sphalma</span> <span class='ocrx_word' id='word_1_192' title='bbox 737 3329 865 3394; x_wconf 88' lang='lat' dir='ltr'>librarii</span> <span class='ocrx_word' id='word_1_193' title='bbox 898 3334 956 3413; x_wconf 91' lang='lat' dir='ltr'>pro</span> <span class='ocrx_word' id='word_1_194' title='bbox 991 3342 1106 3407; x_wconf 89' lang='lat' dir='ltr'>littera</span> <span class='ocrx_word' id='word_1_195' title='bbox 1141 3349 1160 3424; x_wconf 84' lang='grc' dir='ltr'>β</span> <span class='ocrx_word' id='word_1_196' title='bbox 1195 3354 1239 3421; x_wconf 84' lang='lat' dir='ltr'>(u)</span> <span class='ocrx_word' id='word_1_197' title='bbox 1273 3351 1417 3428; x_wconf 83' lang='lat' dir='ltr'>legentis</span> <span class='ocrx_word' id='word_1_198' title='bbox 1447 3379 1481 3434; x_wconf 85' lang='grc' dir='ltr'>μ,</span> <span class='ocrx_word' id='word_1_199' title='bbox 1514 3359 1643 3420; x_wconf 88' lang='lat' dir='ltr'>scholia</span> <span class='ocrx_word' id='word_1_200' title='bbox 1672 3364 1771 3421; x_wconf 88' lang='lat' dir='ltr'>autem</span> <span class='ocrx_word' id='word_1_201' title='bbox 1837 3453 1842 3464; x_wconf 76' lang='lat'><em>.</em></span> 
     </span>
     <span class='ocr_line' id='line_1_24' title="bbox 548 3436 1771 3549; baseline 0.03 -53"><span class='ocrx_word' id='word_1_202' title='bbox 548 3436 689 3501; x_wconf 79' lang='lat' dir='ltr'>habent:</span> <span class='ocrx_word' id='word_1_203' title='bbox 722 3447 936 3527; x_wconf 71' lang='grc' dir='ltr'><strong><em>,κιμβερικὰ</em></strong></span> <span class='ocrx_word' id='word_1_204' title='bbox 963 3449 983 3531; x_wconf 73' lang='grc' dir='ltr'><strong>ἢ</strong></span> <span class='ocrx_word' id='word_1_205' title='bbox 1013 3459 1205 3538; x_wconf 81' lang='grc' dir='ltr'><strong><em>κιμβερίνα.”</em></strong></span> <span class='ocrx_word' id='word_1_206' title='bbox 1236 3465 1274 3526; x_wconf 92' lang='lat' dir='ltr'>In</span> <span class='ocrx_word' id='word_1_207' title='bbox 1299 3467 1327 3527; x_wconf 88' lang='lat' dir='ltr'><strong>R</strong></span> <span class='ocrx_word' id='word_1_208' title='bbox 1352 3483 1431 3530; x_wconf 83' lang='lat' dir='ltr'>vero</span> <span class='ocrx_word' id='word_1_209' title='bbox 1456 3471 1619 3546; x_wconf 83' lang='lat' dir='ltr'>scriptum</span> <span class='ocrx_word' id='word_1_210' title='bbox 1644 3476 1696 3534; x_wconf 86' lang='lat' dir='ltr'>est</span> <span class='ocrx_word' id='word_1_211' title='bbox 1716 3497 1771 3549; x_wconf 83' lang='grc' dir='ltr'><strong><em>κιμ-</em></strong></span> 
     </span>
    </p>
   </div>
   <div class='ocr_carea' id='block_1_8' title="bbox 545 3555 1771 3756">
    <p class='ocr_par' dir='ltr' id='par_1_11' title="bbox 545 3555 1838 3756">
     <span class='ocr_line' id='line_1_25' title="bbox 546 3555 1771 3670; baseline 0.026 -57"><span class='ocrx_word' id='word_1_212' title='bbox 546 3555 651 3631; x_wconf 76' lang='grc' dir='ltr'><strong><em>βεριικ</em></strong></span> <span class='ocrx_word' id='word_1_213' title='bbox 670 3562 855 3626; x_wconf 86' lang='lat' dir='ltr'>coniunctis</span> <span class='ocrx_word' id='word_1_214' title='bbox 874 3567 1073 3636; x_wconf 91' lang='lat' dir='ltr'>lectionibus</span> <span class='ocrx_word' id='word_1_215' title='bbox 1093 3579 1265 3643; x_wconf 88' lang='lat' dir='ltr'>ambabus.</span> <span class='ocrx_word' id='word_1_216' title='bbox 1286 3585 1513 3662; x_wconf 88' lang='lat' dir='ltr'>Archetypum</span> <span class='ocrx_word' id='word_1_217' title='bbox 1534 3589 1638 3663; x_wconf 85' lang='lat' dir='ltr'>igitur</span> <span class='ocrx_word' id='word_1_218' title='bbox 1648 3578 1771 3670; x_wconf 66' lang='grc' dir='ltr'><strong><em>κιμβιριῧ</em></strong></span> 
     </span>
     <span class='ocr_line' id='line_1_26' title="bbox 545 3667 945 3756; baseline 0.04 -25"><span class='ocrx_word' id='word_1_219' title='bbox 545 3674 605 3732; x_wconf 77' lang='lat' dir='ltr'>aut</span> <span class='ocrx_word' id='word_1_220' title='bbox 628 3667 767 3756; x_wconf 81' lang='grc' dir='ltr'><strong><em>κιμβεριιῖ</em></strong></span> <span class='ocrx_word' id='word_1_221' title='bbox 790 3681 945 3747; x_wconf 74' lang='lat' dir='ltr'>habebat.</span> 
     </span>
    </p>
   </div>
   <div class='ocr_carea' id='block_1_9' title="bbox 539 3786 1842 4576">
    <p class='ocr_par' dir='ltr' id='par_1_12' title="bbox 545 3786 1842 4036">
     <span class='ocr_line' id='line_1_27' title="bbox 588 3786 1770 3904; baseline 0.03 -58"><span class='ocrx_word' id='word_1_222' title='bbox 588 3786 675 3850; x_wconf 79' lang='lat' dir='ltr'>Eccl.</span> <span class='ocrx_word' id='word_1_223' title='bbox 711 3793 775 3854; x_wconf 82' lang='grc'>317</span> <span class='ocrx_word' id='word_1_224' title='bbox 812 3797 861 3857; x_wconf 91' lang='lat' dir='ltr'>sic</span> <span class='ocrx_word' id='word_1_225' title='bbox 895 3802 977 3862; x_wconf 87' lang='lat' dir='ltr'>nata</span> <span class='ocrx_word' id='word_1_226' title='bbox 1007 3807 1059 3866; x_wconf 89' lang='lat' dir='ltr'>est</span> <span class='ocrx_word' id='word_1_227' title='bbox 1090 3810 1213 3872; x_wconf 86' lang='lat' dir='ltr'>codicis</span> <span class='ocrx_word' id='word_1_228' title='bbox 1243 3813 1394 3878; x_wconf 88' lang='lat' dir='ltr'>Rlectio</span> <span class='ocrx_word' id='word_1_229' title='bbox 1417 3821 1568 3904; x_wconf 86' lang='lat' dir='ltr'>numeris</span> <span class='ocrx_word' id='word_1_230' title='bbox 1591 3837 1770 3904; x_wconf 85' lang='lat' dir='ltr'>repugnans</span> 
     </span>
     <span class='ocr_line' id='line_1_28' title="bbox 545 3900 1842 4036; baseline 0.039 -78"><span class='ocrx_word' id='word_1_231' title='bbox 545 3900 717 3981; x_wconf 78' lang='grc' dir='ltr'><strong><em>Κοπρέαιος</em></strong></span> <span class='ocrx_word' id='word_1_232' title='bbox 741 3908 762 3968; x_wconf 85' lang='lat' dir='ltr'>i.</span> <span class='ocrx_word' id='word_1_233' title='bbox 788 3925 816 3971; x_wconf 88' lang='grc' dir='ltr'>θ.</span> <span class='ocrx_word' id='word_1_234' title='bbox 842 3906 1009 3991; x_wconf 77' lang='grc' dir='ltr'><strong><em>Κοπρᾶιος.</em></strong></span> <span class='ocrx_word' id='word_1_235' title='bbox 1839 3981 1842 4036; x_wconf 48' lang='lat'>¹3</span> 
     </span>
    </p>

    <p class='ocr_par' dir='ltr' id='par_1_13' title="bbox 539 4015 1840 4576">
     <span class='ocr_line' id='line_1_29' title="bbox 586 4015 1840 4150; baseline 0.032 -76"><span class='ocrx_word' id='word_1_236' title='bbox 586 4015 628 4076; x_wconf 79' lang='lat' dir='ltr'>Et</span> <span class='ocrx_word' id='word_1_237' title='bbox 652 4020 767 4082; x_wconf 87' lang='lat' dir='ltr'>eadem</span> <span class='ocrx_word' id='word_1_238' title='bbox 790 4023 855 4085; x_wconf 86' lang='lat' dir='ltr'>fuit</span> <span class='ocrx_word' id='word_1_239' title='bbox 875 4028 966 4103; x_wconf 85' lang='lat' dir='ltr'>origo</span> <span class='ocrx_word' id='word_1_240' title='bbox 986 4036 1134 4097; x_wconf 88' lang='lat' dir='ltr'>nominis</span> <span class='ocrx_word' id='word_1_241' title='bbox 1153 4041 1276 4115; x_wconf 89' lang='lat' dir='ltr'>proprii</span> <span class='ocrx_word' id='word_1_242' title='bbox 1297 4044 1525 4125; x_wconf 82' lang='grc' dir='ltr'><strong><em>Πεισθιιιιίριιι</em></strong></span> <span class='ocrx_word' id='word_1_243' title='bbox 1544 4050 1608 4110; x_wconf 88' lang='lat' dir='ltr'>Av.</span> <span class='ocrx_word' id='word_1_244' title='bbox 1622 4053 1688 4112; x_wconf 88' lang='grc'>644</span> <span class='ocrx_word' id='word_1_245' title='bbox 1700 4054 1766 4122; x_wconf 64' lang='lat' dir='ltr'>oter</span> <span class='ocrx_word' id='word_1_246' title='bbox 1839 4105 1840 4150; x_wconf 56' lang='lat'>3</span> 
     </span>
     <span class='ocr_line' id='line_1_30' title="bbox 543 4131 1840 4248; baseline 0.029 -61"><span class='ocrx_word' id='word_1_247' title='bbox 543 4131 598 4204; x_wconf 91' lang='lat' dir='ltr'>qui</span> <span class='ocrx_word' id='word_1_248' title='bbox 621 4132 674 4192; x_wconf 89' lang='lat' dir='ltr'>vir</span> <span class='ocrx_word' id='word_1_249' title='bbox 698 4137 757 4196; x_wconf 95' lang='lat' dir='ltr'>aut</span> <span class='ocrx_word' id='word_1_250' title='bbox 780 4137 976 4219; x_wconf 78' lang='grc' dir='ltr'><strong><em>Πεισέκαιρος</em></strong></span> <span class='ocrx_word' id='word_1_251' title='bbox 999 4146 1159 4212; x_wconf 89' lang='lat' dir='ltr'>dicendus</span> <span class='ocrx_word' id='word_1_252' title='bbox 1183 4154 1246 4214; x_wconf 91' lang='lat' dir='ltr'>iuit</span> <span class='ocrx_word' id='word_1_253' title='bbox 1271 4189 1312 4200; x_wconf 93' lang='lat'><em>-</em></span> <span class='ocrx_word' id='word_1_254' title='bbox 1337 4159 1435 4232; x_wconf 90' lang='lat' dir='ltr'>idque</span> <span class='ocrx_word' id='word_1_255' title='bbox 1458 4162 1627 4223; x_wconf 88' lang='lat' dir='ltr'>sincerum</span> <span class='ocrx_word' id='word_1_256' title='bbox 1648 4165 1765 4226; x_wconf 88' lang='lat' dir='ltr'>videtur</span> <span class='ocrx_word' id='word_1_257' title='bbox 1839 4213 1840 4248; x_wconf 64' lang='lat'>3</span> 
     </span>
     <span class='ocr_line' id='line_1_31' title="bbox 541 4253 1840 4352; baseline 0.03 -51"><span class='ocrx_word' id='word_1_258' title='bbox 541 4258 663 4304; x_wconf 89' lang='lat' dir='ltr'>nomen</span> <span class='ocrx_word' id='word_1_259' title='bbox 696 4281 736 4292; x_wconf 91' lang='lat'>-</span> <span class='ocrx_word' id='word_1_260' title='bbox 768 4254 827 4311; x_wconf 87' lang='lat' dir='ltr'>aut</span> <span class='ocrx_word' id='word_1_261' title='bbox 857 4253 1074 4338; x_wconf 79' lang='grc' dir='ltr'><strong><em>Πειθέιαιρος,</em></strong></span> <span class='ocrx_word' id='word_1_262' title='bbox 1107 4266 1193 4337; x_wconf 88' lang='lat' dir='ltr'>quod</span> <span class='ocrx_word' id='word_1_263' title='bbox 1225 4266 1282 4328; x_wconf 89' lang='lat' dir='ltr'>alii</span> <span class='ocrx_word' id='word_1_264' title='bbox 1306 4284 1424 4332; x_wconf 85' lang='lat' dir='ltr'>verum</span> <span class='ocrx_word' id='word_1_265' title='bbox 1448 4273 1593 4352; x_wconf 90' lang='lat' dir='ltr'>ducunt;</span> <span class='ocrx_word' id='word_1_266' title='bbox 1619 4279 1762 4339; x_wconf 86' lang='lat' dir='ltr'>traditam</span> <span class='ocrx_word' id='word_1_267' title='bbox 1839 4343 1840 4352; x_wconf 10' lang='grc' dir='ltr'><strong>ἶ</strong></span> 
     </span>
     <span class='ocr_line' id='line_1_32' title="bbox 541 4362 1764 4468; baseline 0.029 -53"><span class='ocrx_word' id='word_1_268' title='bbox 541 4371 619 4418; x_wconf 87' lang='lat' dir='ltr'>vero</span> <span class='ocrx_word' id='word_1_269' title='bbox 653 4362 799 4424; x_wconf 89' lang='lat' dir='ltr'>nominis</span> <span class='ocrx_word' id='word_1_270' title='bbox 832 4366 977 4434; x_wconf 86' lang='lat' dir='ltr'>formam</span> <span class='ocrx_word' id='word_1_271' title='bbox 1012 4391 1080 4439; x_wconf 90' lang='lat' dir='ltr'>non</span> <span class='ocrx_word' id='word_1_272' title='bbox 1112 4382 1262 4445; x_wconf 91' lang='lat' dir='ltr'>admittit</span> <span class='ocrx_word' id='word_1_273' title='bbox 1291 4383 1416 4459; x_wconf 86' lang='lat' dir='ltr'>lingua.</span> <span class='ocrx_word' id='word_1_274' title='bbox 1448 4388 1487 4448; x_wconf 91' lang='lat' dir='ltr'>In</span> <span class='ocrx_word' id='word_1_275' title='bbox 1511 4391 1690 4468; x_wconf 89' lang='lat' dir='ltr'>archetypo</span> <span class='ocrx_word' id='word_1_276' title='bbox 1711 4393 1764 4452; x_wconf 87' lang='lat' dir='ltr'>luit</span> 
     </span>
     <span class='ocr_line' id='line_1_33' title="bbox 539 4453 1032 4576; baseline 0.028 -32"><span class='ocrx_word' id='word_1_277' title='bbox 539 4453 729 4567; x_wconf 59' lang='lat' dir='ltr'>neasstvnrpog</span> <span class='ocrx_word' id='word_1_278' title='bbox 751 4496 810 4555; x_wconf 84' lang='lat' dir='ltr'>aut</span> <span class='ocrx_word' id='word_1_279' title='bbox 831 4471 1032 4576; x_wconf 58' lang='lat' dir='ltr'>uerbenam.</span> 
     </span>
    </p>
   </div>
   <div class='ocr_carea' id='block_1_10' title="bbox 537 4602 1760 4920">
    <p class='ocr_par' dir='ltr' id='par_1_14' title="bbox 537 4602 1760 4920">
     <span class='ocr_line' id='line_1_34' title="bbox 582 4602 1760 4714; baseline 0.027 -52"><span class='ocrx_word' id='word_1_280' title='bbox 582 4602 737 4665; x_wconf 80' lang='lat' dir='ltr'>Eiusdem</span> <span class='ocrx_word' id='word_1_281' title='bbox 769 4607 897 4671; x_wconf 81' lang='lat' dir='ltr'>farinae</span> <span class='ocrx_word' id='word_1_282' title='bbox 929 4614 980 4672; x_wconf 90' lang='lat' dir='ltr'>est</span> <span class='ocrx_word' id='word_1_283' title='bbox 1011 4613 1096 4686; x_wconf 88' lang='lat' dir='ltr'>qued</span> <span class='ocrx_word' id='word_1_284' title='bbox 1120 4615 1149 4675; x_wconf 87' lang='lat' dir='ltr'>R</span> <span class='ocrx_word' id='word_1_285' title='bbox 1171 4612 1274 4714; x_wconf 85' lang='lat' dir='ltr'>habet</span> <span class='ocrx_word' id='word_1_286' title='bbox 1296 4621 1380 4685; x_wconf 87' lang='lat' dir='ltr'>Rau.</span> <span class='ocrx_word' id='word_1_287' title='bbox 1405 4627 1481 4688; x_wconf 81' lang='lat'>925.</span> <span class='ocrx_word' id='word_1_288' title='bbox 1505 4627 1571 4690; x_wconf 89' lang='lat' dir='ltr'>Ubi</span> <span class='ocrx_word' id='word_1_289' title='bbox 1596 4629 1760 4710; x_wconf 77' lang='grc' dir='ltr'><strong><em>ῥήματι...</em></strong></span> 
     </span>
     <span class='ocr_line' id='line_1_35' title="bbox 537 4719 1758 4822; baseline 0.025 -49"><span class='ocrx_word' id='word_1_290' title='bbox 537 4719 763 4796; x_wconf 79' lang='grc' dir='ltr'><strong><em>μορμυρωιιά</em></strong></span> <span class='ocrx_word' id='word_1_291' title='bbox 785 4723 953 4798; x_wconf 79' lang='lat' dir='ltr'>Aeschylo</span> <span class='ocrx_word' id='word_1_292' title='bbox 977 4727 1097 4789; x_wconf 86' lang='lat' dir='ltr'>tribuit</span> <span class='ocrx_word' id='word_1_293' title='bbox 1121 4732 1225 4793; x_wconf 88' lang='lat' dir='ltr'>codex</span> <span class='ocrx_word' id='word_1_294' title='bbox 1246 4735 1285 4812; x_wconf 86' lang='lat' dir='ltr'>V,</span> <span class='ocrx_word' id='word_1_295' title='bbox 1312 4744 1534 4819; x_wconf 80' lang='grc' dir='ltr'><em>μορμορωπά</em></span> <span class='ocrx_word' id='word_1_296' title='bbox 1558 4745 1626 4822; x_wconf 90' lang='lat' dir='ltr'>alii,</span> <span class='ocrx_word' id='word_1_297' title='bbox 1652 4747 1758 4806; x_wconf 88' lang='lat' dir='ltr'>vitiose</span> 
     </span>
     <span class='ocr_line' id='line_1_36' title="bbox 537 4840 1759 4920; baseline 0.023 -31"><span class='ocrx_word' id='word_1_298' title='bbox 537 4846 668 4909; x_wconf 88' lang='lat' dir='ltr'>omnes,</span> <span class='ocrx_word' id='word_1_299' title='bbox 693 4849 772 4895; x_wconf 87' lang='lat' dir='ltr'>nam</span> <span class='ocrx_word' id='word_1_300' title='bbox 797 4840 1028 4914; x_wconf 82' lang='grc' dir='ltr'><strong><em>μορμοΝωιιά</em></strong></span> <span class='ocrx_word' id='word_1_301' title='bbox 1052 4844 1188 4918; x_wconf 87' lang='lat' dir='ltr'>dederat</span> <span class='ocrx_word' id='word_1_302' title='bbox 1212 4849 1372 4912; x_wconf 89' lang='lat' dir='ltr'>comicus.</span> <span class='ocrx_word' id='word_1_303' title='bbox 1397 4853 1461 4914; x_wconf 80' lang='lat' dir='ltr'>Sed</span> <span class='ocrx_word' id='word_1_304' title='bbox 1482 4858 1601 4918; x_wconf 89' lang='lat' dir='ltr'>ceteris</span> <span class='ocrx_word' id='word_1_305' title='bbox 1622 4859 1759 4920; x_wconf 85' lang='lat' dir='ltr'>vitiosior</span> 
     </span>
    </p>
   </div>
   <div class='ocr_carea' id='block_1_11' title="bbox 0 0 2038 5950">
    <p class='ocr_par' dir='ltr' id='par_1_15' title="bbox 0 0 2038 5950">
     <span class='ocr_line' id='line_1_37' title="bbox 0 0 2038 5950; baseline 0 13"><span class='ocrx_word' id='word_1_306' title='bbox 0 0 2038 5950; x_wconf 95' lang='lat' dir='ltr'> </span> 
     </span>
    </p>
   </div>
  </div>
 </body>
</html>
