4067 5950
1043 745 1085 790 mi
1108 746 1217 791 taxati
1240 746 1392 794 ullamne.

823 906 846 974 ὦ
868 911 942 996 χαῖρ’
962 912 1100 997 Ὀπώρα,
1123 916 1173 979 καί
1195 920 1233 980 σὺ
1258 915 1299 997 δ’,
1321 912 1344 980 ὦ
1370 920 1494 1000 Θεωρία.

823 1022 890 1091 οἷον
914 1025 942 1090 δ’
969 1029 1044 1111 ἔχεις
1068 1031 1101 1093 τὸ
1124 1032 1301 1111 πρόσωπον,
1324 1026 1347 1094 ὦ
1373 1033 1524 1114 Θεωρία
1548 1032 1605 1095 ιιτὲ.

642 1143 707 1204 Ubi
739 1144 780 1205 ad
811 1144 920 1220 ipsam
952 1145 1063 1223 deam,
1096 1162 1161 1207 non
1193 1148 1233 1208 ad
1264 1148 1337 1210 eius
1360 1149 1565 1225 ministram,
1590 1148 1703 1209 ultima
1724 1148 1805 1208 verba

598 1259 662 1320 dici
692 1259 842 1319 sentiens
872 1260 1022 1321 Meinelre
1053 1275 1111 1335 pro
1135 1261 1240 1323 altero
1264 1253 1287 1321 ὦ
1312 1262 1428 1340 Θεωρία
1452 1262 1663 1338 probabiliter
1683 1262 1806 1337 profecto

598 1374 734 1447 scripsit
758 1372 914 1451 Είρήνῃ
936 1374 1041 1452 φίλη.
1862 1394 1864 1442 ι

642 1487 714 1547 Non
738 1486 849 1548 minus
873 1491 1026 1563 apertum
1050 1489 1242 1551 huiusmodi
1264 1504 1409 1551 errorem
1433 1489 1580 1551 ostendit
1604 1489 1689 1550 Pluti
1711 1504 1809 1548 versus
1862 1479 1864 1524 ἵ

597 1598 781 1679 κακόμετρος
807 1602 902 1663 1173.
928 1601 989 1678 Qui
1012 1603 1046 1663 in
1071 1602 1239 1665 codicibus
1262 1604 1311 1664 sic
1332 1604 1479 1678 scriptus
1502 1606 1573 1665 est:
1862 1594 1863 1605 ’

642 1714 687 1774 V:
824 1710 874 1792 ἀφ’
902 1708 939 1777 ob
962 1714 1020 1796 γὰρ
1043 1714 1164 1793 βλέπειν
1188 1714 1204 1777 ὁ
1229 1720 1410 1790 Πλοῦτος
1434 1714 1553 1795 ἤρξατο.

643 1827 689 1888 R:
824 1824 876 1905 ἀφ’
902 1822 940 1890 οὗ
963 1827 1021 1909 γὰρ
1045 1826 1061 1889 ὁ
1087 1832 1265 1902 Πλοῦτος
1288 1828 1398 1909 ἤρξατο
1422 1828 1553 1910 βλέπειν.

643 1942 689 2001 A:
825 1937 875 2018 ἀφ’
903 1934 940 2002 οῦ
964 1941 1020 2021 γὰρ
1045 1939 1061 2002 ὁ
1086 1945 1266 2014 Πλοῦτος
1289 1935 1408 2015 οὗτος
1431 1940 1541 2021 ἤρξατο
1565 1940 1695 2022 βλέπειν.

597 2054 759 2116 Restituit
781 2054 931 2131 Elmsley
953 2056 985 2116 id
1010 2058 1097 2131 quod
1122 2072 1221 2117 versu
1246 2058 1311 2119 968
1335 2057 1475 2133 legitur:

820 2167 876 2246 ἀφ’
901 2163 938 2230 οὗ
962 2169 1019 2249 γὰρ
1044 2168 1060 2230 ὁ
1084 2170 1179 2243 θεὸς
1202 2164 1318 2244 οὗτος
1341 2169 1451 2251 ἤρξατο
1476 2172 1606 2251 βλέπειν.

598 2342 685 2402 Olim
716 2343 793 2404 fult:
825 2339 841 2402 ὁ
872 2275 1049 2418 {miiitum
1081 2358 1165 2417 quae
1195 2343 1293 2404 aliter
1315 2343 1349 2402 in
1373 2343 1448 2403 aliis
1472 2342 1639 2405 codicibus
1661 2344 1737 2403 sunt
1758 2355 1810 2400 cor·

485 2453 486 2456 ’
601 2459 713 2533 rupta,
739 2435 774 2517 in
797 2457 826 2516 V
851 2456 953 2517 etiam
978 2456 1127 2519 turbata.

642 2572 734 2631 Idem
765 2570 853 2631 Plut.
885 2571 950 2631 226
981 2570 1131 2632 obtinere
1161 2571 1303 2647 videtur,
1334 2571 1413 2633 licet
1442 2571 1573 2632 codices
1602 2569 1647 2631 ibi
1677 2571 1759 2631 inter
1784 2584 1811 2626 se

597 2685 810 2746 consentiant
832 2699 938 2758 neque
961 2683 1126 2745 claudicet
1147 2686 1306 2745 metrum.
1331 2685 1529 2759 chremylus
1551 2685 1715 2746 famulum
1738 2683 1812 2743 iubet

577 2813 780 2859 convocare
803 2798 980 2874 agricolas,
1006 2801 1045 2859 ut
1070 2797 1209 2872 quisque
1233 2813 1349 2859 eorum

821 2907 895 2990 ἡμῖν
919 2911 1047 2996 μετάσχῃ
1072 2912 1161 2972 τοῦδε
1184 2920 1238 2972 τοῦ
1264 2914 1296 2970 Π
1301 2913 1447 2974 λούτοο
1471 2909 1568 2991 μέρος.

596 3027 820 3089 Balbutientis
850 3031 918 3088 est:
951 3043 1031 3102 pare
1053 3027 1148 3088 buius
1170 3027 1267 3104 Fluit,
1293 3027 1350 3087 sed
1373 3031 1471 3102 poeta
1493 3030 1552 3088 aut
1573 3032 1671 3087 θεοῦ
1696 3026 1813 3087 dederat
1861 3019 1862 3046 ³

597 3203 656 3261 aut
679 3196 852 3276 ἀγαθοῦ,
876 3198 956 3259 olim
980 3198 1084 3273 igitur
1107 3199 1189 3259 fuit:
1214 3205 1268 3257 τοῦ
1283 3132 1452 3259 ²iiiiibwaut
1474 3205 1527 3256 τοο
1551 3130 1681 3274 iimo.

640 3313 681 3373 Et
704 3313 843 3373 tertium
867 3312 1061 3387 exemplum
1084 3312 1205 3373 Plutus
1228 3311 1340 3372 fabula
1363 3311 1499 3387 praebet
1522 3326 1572 3371 vs.
1598 3313 1680 3371 727:

819 3423 892 3503 μετὰ
914 3433 1008 3485 ταῦτα
1032 3434 1071 3508 τῷ
1096 3424 1306 3485 Πλούτωνι
1328 3420 1559 3502 παρεκαθέζετο.
1597 3391 1608 3410 x

597 3539 659 3616 Qui
677 3540 782 3600 dativi
800 3541 966 3601 terminus
985 3537 1141 3598 insolitus
1158 3540 1193 3599 in
1212 3538 1349 3599 scholiis
1368 3537 1553 3598 defenditur
1566 3535 1696 3596 collatis
1708 3534 1811 3609 Sopho·

596 3654 657 3715 clis
681 3653 808 3714 duobus
832 3652 983 3713 versibus
1006 3652 1062 3726 qui
1080 3652 1177 3713 hodie
1196 3652 1327 3713 aliunde
1346 3666 1411 3712 non
1431 3653 1511 3711 sunt
1529 3651 1670 3726 cogniti3
1682 3651 1811 3725 priscam

596 3767 698 3841 igitur
729 3767 907 3827 lectionem
940 3782 1014 3826 esse
1046 3767 1193 3840 apparet.
1225 3764 1412 3826 Admodum
1439 3765 1552 3824 tamen
1577 3763 1755 3838 probabilis
1775 3759 1816 3818 est

597 3881 784 3956 Kappeynii
808 3871 1014 3940 coniectura:
1039 3876 1169 3956 γέροντι.
1194 3878 1254 3955 Qui
1277 3879 1305 3938 si
1330 3892 1446 3938 verum
1473 3878 1568 3953 vidit,
1592 3876 1672 3937 olim
1694 3877 1767 3936 init:

976 4057 1015 4130 τῷ
1040 3982 1198 4128 γέῖλιοιυίατιι
1222 4044 1451 4125 παρεκαθέζετο.
1477 4112 1479 4116 ,

598 4163 652 4224 sic
683 4164 769 4238 apud
799 4162 990 4238 Euripidem
1023 4159 1097 4222 οὑπλ
1120 4160 1208 4243 κώπῃ
1231 4157 1435 4238 ψυχοπομπὸς
1450 4156 1633 4239 ...γέρων
1657 4161 1690 4218 in
1714 4153 1811 4218 codici·

597 4276 660 4336 bus
683 4276 792 4336 factus
811 4278 864 4336 est
883 4273 957 4335 οὑπὶ
975 4275 1064 4358 κώπῃ
1083 4271 1287 4361 ψυχοπομπὸς
1300 4319 1307 4331 .
1321 4317 1328 4332 .
1342 4318 1348 4331 .
1361 4272 1501 4350 Χάρων
1519 4267 1551 4347 1),
1573 4272 1659 4346 apud
1674 4271 1810 4332 Ovidium

598 4389 794 4465 Rhodopeius
816 4390 906 4449 beroe
928 4390 1040 4449 iactus
1064 4390 1117 4448 est
1140 4387 1336 4463 Rhodopeius
1362 4387 1501 4462 Orpbeus
1514 4379 1548 4456 ²).

601 4592 816 4599 ——-.—-

630 4731 651 4792 ι)
668 4735 729 4781 Eur.
749 4735 804 4780 Alo.
823 4735 886 4788 861;
905 4746 970 4779 corr.
988 4733 1126 4779 Bossobsr.

630 4810 651 4875 ²)
668 4813 715 4861 Or.
733 4813 795 4860 liet.
813 4813 836 4858 X
853 4813 898 4868 ῦῦ;
918 4825 984 4859 corr.
999 4812 1132 4858 Heinsius.
