4067 5950
723 773 803 817 vrrs
825 773 865 818 nr
889 769 1059 816 ornaretis.
1464 755 1506 814 69

272 942 475 1003 mortarium
505 943 638 1018 tenens,
671 943 808 1008 cunctas
839 940 999 1001 nimirum
1027 937 1183 1000 Graeciae
1210 936 1367 998 civitates
1398 940 1507 998 contu·

273 1068 408 1128 surum;
440 1055 533 1115 inicit
566 1055 720 1130 Spartam
752 1057 786 1114 et
815 1053 966 1114 Athenas
993 1054 1027 1112 et
1057 1051 1189 1124 Megara
1212 1053 1246 1109 et
1269 1049 1508 1123 Syracusaset

273 1168 421 1227 ceteras:
443 1200 483 1210 -
504 1167 623 1241 ingene
641 1182 684 1228 ex
703 1167 745 1227 lis
764 1164 822 1227 fiet
841 1169 1009 1226 moretum
1029 1165 1063 1224 in
1079 1163 1326 1238 ipsiuscenam.
1339 1162 1507 1223 Pistillum

274 1278 331 1338 ubi
354 1279 430 1338 est?

318 1393 457 1454 b‘ruetra
487 1393 714 1468 circumspicit
743 1391 919 1468 pistillum.
943 1390 1069 1465 Nempe
1091 1404 1196 1464 nuper
1218 1388 1253 1450 in
1277 1402 1399 1450 novam
1423 1389 1509 1449 banc

273 1505 411 1566 domum
441 1506 689 1581 commigravit:
725 1504 969 1581 supellectilem
1001 1502 1150 1562 nondum
1181 1503 1265 1562 satis
1297 1500 1378 1562 bene
1407 1501 1508 1562 habet

274 1619 483 1694 dispositam.
507 1620 623 1694 Itaque

321 1731 433 1807 ,Heus
455 1733 576 1808 puerl’'
600 1733 725 1808 mugit:
752 1731 915 1807 „Athenis
938 1732 1013 1806 pete
1033 1727 1214 1804 pistillum;
1239 1728 1292 1789 iac
1310 1727 1400 1788 adsis
1420 1726 1506 1787 dicto

271 1845 405 1907 citius.¹’

317 1957 494 2020 Tremulus
509 1959 717 2034 pallidusque
733 1960 806 2020 sine
821 1972 970 2018 mora-
983 1971 1063 2016 nam
1080 1960 1165 2014 θεῶν
1181 1952 1300 2033 αἰψηρὰ
1316 1953 1447 2015 κέλευθα
1461 1991 1501 2002 -

271 2071 358 2131 redit
381 2071 550 2132 minister:

319 2217 360 2228 —
387 2184 433 2259 „0
457 2185 552 2261 here,
576 2184 800 2246 Athenienses
822 2184 983 2260 pistillum
1007 2198 1107 2244 suum
1132 2183 1350 2244 amiserunt.”

319 2329 360 2340 -
387 2296 610 2372 ,Quantocius
630 2297 732 2373 igitur
755 2297 766 2356 i
789 2297 1108 2358 Lacedaemonem.”

316 2409 430 2470 Denuo
453 2411 560 2471 redux
582 2410 789 2486 mancipium
813 2412 905 2472 metu
928 2409 1135 2485 perculsum:

319 2555 360 2566 -
387 2521 475 2598 ,Vae
502 2523 638 2599 mihll'’,
663 2521 878 2584 vociferatur:
913 2522 1070 2598 ,ignosce
1100 2521 1200 2598 mlhl,
1233 2523 1326 2598 here,
1351 2522 1506 2598 obsecro,

271 2650 352 2696 nam
388 2651 428 2695 ne
458 2607 640 2710 'spartiatis
675 2635 808 2711 quidem
843 2638 896 2696 eet
933 2634 1117 2710 pistillum;
1153 2635 1272 2695 amicis
1306 2635 1504 2708 quibusdam

271 2747 455 2808 Thracibus
477 2749 746 2825 commodarunt,
770 2751 902 2822 iainque
925 2763 1091 2822 nusquam
1115 2749 1318 2823 comparet.'’

317 2863 372 2922 Ira
402 2863 549 2936 percitus
579 2861 663 2924 Belli
686 2862 767 2923 deus
790 2862 883 2922 intus
910 2861 992 2936 abit,
1018 2864 1056 2923 ut
1078 2861 1242 2937 pistillum
1265 2862 1329 2920 sibi
1352 2860 1506 2923 conficiat

270 2977 354 3051 ipse.
374 2975 511 3049 Iamque
530 2974 671 3052 Vinitor,
691 2978 747 3050 qui
766 2976 887 3037 anxius
905 2974 1147 3050 aliquantisper
1165 2975 1200 3036 ln
1219 2975 1340 3050 angulo
1359 2976 1505 3052 delituit,

270 3088 452 3149 audacibus
485 3089 656 3150 fortunam
689 3089 802 3149 favere
841 3087 1049 3149 recordatur:
1085 3088 1164 3161 quid
1198 3089 1228 3149 si
1261 3087 1358 3149 Pacis
1392 3090 1454 3149 dea
1487 3105 1506 3150 e

270 3216 403 3262 carcere
432 3202 503 3279 illo,
535 3203 591 3262 ubi
622 3217 709 3263 nunc
744 3202 883 3277 languet
912 3200 1056 3276 inclusa,
1088 3202 1181 3277 priua
1215 3200 1374 3261 liberetur
1403 3217 1503 3275 quarn

269 3329 375 3375 saeva
404 3316 470 3375 iste
498 3316 607 3376 bestia
637 3313 803 3389 pistillum
834 3328 932 3374 suum
964 3315 1102 3375 teneat?
1132 3314 1186 3375 Sic
1210 3314 1383 3388 frangatur
1406 3316 1506 3376 huius

269 3428 422 3502 potestas
452 3431 486 3489 et
517 3428 654 3489 Graecia
684 3427 828 3488 instanti
857 3426 1012 3501 perniciei
1047 3428 1149 3487 etiam
1185 3428 1358 3501 eripiatnrl
1393 3427 1506 3501 Itaque

269 3542 363 3603 clara
394 3557 488 3618 voce,
516 3556 600 3615 quae
631 3557 674 3601 ex
705 3542 840 3602 aethere
870 3555 987 3602 sereno
1019 3540 1061 3600 ad
1088 3540 1228 3601 ultimas
1250 3540 1406 3602 Graeciae
1429 3556 1506 3601 orae

268 3655 437 3732 pervenit,
465 3656 551 3731 ,huc
574 3655 728 3716 adestel’'
752 3654 877 3714 clamat
902 3654 1109 3729 „quicunque
1132 3655 1228 3715 Pacis
1252 3658 1406 3715 amantes
1424 3656 1507 3715 estis

271 3769 458 3847 ,agricolae
481 3772 515 3829 et
538 3770 742 3830 mercatores
766 3770 799 3843 qt
826 3765 960 3844 opifices
983 3767 1055 3828 sive
1077 3768 1301 3828 Athenienses
1323 3770 1394 3829 eive
1417 3784 1505 3843 pere·

270 3884 394 3960 ,grini,
427 3883 492 3944 huc
523 3883 637 3943 adeste
668 3896 745 3943 cum
776 3882 896 3941 rastris
928 3884 962 3942 et
992 3882 1159 3957 ligonibus
1182 3884 1215 3942 et
1237 3882 1446 3959 rudentibus,
1470 3886 1508 3943 ut

270 3996 421 4073 ,almam
445 3997 543 4056 deam
566 3995 756 4056 liberetiel”

315 4109 469 4183 Undique
493 4109 709 4184 concurritur,
736 4107 854 4168 ceteris
874 4108 987 4168 autam
1007 4107 1186 4169 alacriores
1205 4108 1327 4169 adsunt
1346 4108 1509 4183 agricolae

267 4224 392 4296 Attici;
424 4239 502 4284 mox
532 4224 626 4283 saxis
657 4221 817 4298 dispulsis
850 4238 892 4283 ex
922 4222 1080 4297 spelunca
1110 4223 1252 4284 liberata
1282 4222 1391 4297 prodit
1418 4224 1503 4298 Pax,

267 4338 417 4412 ingentis
448 4339 481 4398 et
505 4350 582 4398 vere
611 4337 744 4397 divinae
774 4339 926 4397 staturae
956 4337 1094 4414 famina,
1124 4338 1211 4398 ulnis
1235 4340 1354 4398 tenens
1377 4338 1507 4413 puellas

267 4452 354 4512 duas
376 4450 653 4525 formosissimas,
678 4449 861 4511 Pomonam
883 4454 917 4511 et
936 4451 1127 4512 Laetitiam.
1147 4451 1219 4511 Hae
1239 4451 1386 4526 virgines
1406 4452 1504 4511 corni·

268 4568 387 4626 tantur
406 4564 595 4624 vinitorem
614 4565 648 4622 in
667 4565 792 4624 terram
811 4564 1005 4625 redeuntem
1026 4568 1205 4640 postquam
1224 4580 1279 4626 res
1294 4568 1364 4625 tam
1377 4565 1506 4639 egregie

268 4678 337 4739 sibi
367 4678 479 4737 cessit.
511 4678 653 4738 Laetitia
674 4677 763 4737 ludis
785 4677 938 4754 publicis,
963 4681 1001 4737 ut
1025 4677 1119 4754 olim,
1144 4678 1344 4754 praesidebit
1367 4678 1510 4739 Athenis

267 4796 302 4853 et
327 4790 621 4851 innocentissimas
645 4791 773 4851 civibus
799 4791 969 4865 praebebit
993 4790 1195 4867 voluptates,
1220 4792 1404 4853 Pomonam
1428 4809 1505 4853 uxo·
