4067 5950
639 1650 716 1727 111.
750 1652 818 1729 Dc
841 1652 1067 1729 codicum
1090 1654 1266 1730 ceteris
1291 1652 1550 1731 meliorum
1573 1651 1734 1729 Veneti

688 1781 735 1854 et
760 1780 1059 1857 Ravennatis
1083 1780 1346 1858 virtutibus
1376 1783 1520 1879 atquc
1544 1780 1687 1856 vitiis.

1101 2036 1292 2049 ,υ-

621 2231 671 2291 Ad
701 2234 834 2292 textum
866 2232 1016 2294 codicum
1046 2231 1164 2293 ceteris
1187 2230 1385 2293 nobiliorum
1408 2232 1437 2290 V
1460 2234 1492 2293 et
1514 2233 1543 2293 Β
1566 2234 1605 2293 ut
1627 2230 1778 2307 paullisper

577 2340 680 2405 etiam
710 2346 901 2423 redeamus,
933 2347 1020 2407 satis
1050 2347 1226 2408 emendate
1252 2346 1397 2421 scriptus
1419 2361 1525 2420 neque
1548 2346 1604 2406 iric
1626 2346 1677 2406 est
1695 2356 1779 2415 neque

576 2458 649 2534 ille;
694 2460 752 2520 sed
793 2460 887 2520 vitiis
927 2475 1025 2522 omne
1065 2475 1170 2535 genus
1207 2460 1286 2522 licet
1318 2462 1457 2534 uterque
1491 2461 1633 2535 scateat,
1668 2456 1779 2518 alteriue

578 2574 780 2649 exemplaris
810 2575 932 2635 menda
963 2590 1004 2636 ex
1034 2575 1139 2635 altero
1168 2575 1265 2650 longe
1288 2574 1433 2649 plurima
1454 2575 1574 2649 corrigi
1594 2575 1735 2649 possunt,
1755 2569 1778 2628 id

575 2685 665 2762 ‘quod
698 2688 767 2748 iam
799 2688 958 2750 diximus.
990 2688 1118 2750 Ouncta
1147 2691 1261 2749 autem
1283 2688 1459 2762 utriusque
1481 2688 1564 2748 vitia
1586 2688 1617 2747 si
1639 2686 1709 2760 quie
1726 2697 1780 2759 pro·

577 2802 693 2879 ferret,
728 2817 836 2875 neque
871 2806 1004 2878 gratum
1036 2803 1162 2863 iaceret
1193 2802 1347 2875 cuiquam
1377 2816 1484 2875 neque
1511 2801 1604 2863 utils.
1629 2800 1689 2861 Sed
1709 2800 1780 2859 certa

578 2916 741 2990 quaedem
766 2930 918 2978 errorum
942 2931 1064 2992 genera
1087 2915 1248 2993 indicare,
1272 2916 1306 2977 in
1329 2930 1412 2990 quae
1435 2917 1468 2977 et
1495 2914 1553 2976 elii
1570 2914 1690 2977 librarii
1706 2909 1778 2988 quii·

578 3029 632 3090 bet
655 3031 858 3105 —perinde
887 3033 989 3106 atque
1023 3031 1220 3107 typothetae
1249 3030 1400 3092 hodierni
1424 3045 1587 3106 -saepe
1620 3028 1779 3091 inciderunt

579 3145 613 3204 et
642 3145 698 3218 qui
728 3143 893 3230 Venetam
924 3145 1218 3219 Ravennatemque
1248 3145 1378 3206 codices
1406 3143 1681 3220 perscripserunt,
1700 3143 1730 3202 id
1748 3138 1778 3199 ab

580 3257 631 3317 his
653 3258 897 3333 prolegomenis
920 3273 986 3321 non
1010 3258 1139 3320 videtur
1161 3258 1307 3319 alienum
1325 3253 1357 3330 1).

936 3503 967 3583 1)
990 3505 1047 3565 Do
1067 3503 1453 3579 haplopraphomatis.

623 3713 888 3788 Haplographiae
912 3713 1074 3774 debentur
1096 3728 1179 3780 ouae
1202 3715 1402 3786 sequuntur:

624 3826 705 3888 Acir.
731 3827 796 3887 224
820 3827 853 3887 in
878 3826 906 3886 Β
930 3829 998 3887 est:

757 3937 834 4017 μηδέ
857 3961 912 4018 περ
936 3938 1079 4019 γέροντας
1106 3936 1284 4011 (ὄντας)
1312 3937 1454 4019 ἐκφυγὼν
1477 3936 1643 4018 Ἀχαρνέας.

579 4053 681 4115 Cuius
704 4054 824 4114 erroris
848 4056 882 4114 et
905 4053 984 4113 alibi
1002 4053 1199 4114 meminisse
1218 4055 1313 4114 iuvat
1332 4055 1366 4114 et
1385 4052 1474 4114 Plut.
1487 4054 1564 4131 258,
1584 4052 1640 4114 ubi
1657 4053 1683 4112 Β
1700 4047 1781 4110 habet

579 4170 688 4228 metro
710 4168 833 4228 inuito:

757 4277 797 4352 ὡς
820 4277 899 4351 εἰκὸς
922 4277 1066 4352 ἀσθενεῖς
1089 4277 1231 4360 γέροντας
1255 4277 1396 4359 ἄνδρας
1419 4276 1494 4358 ἤδη,

579 4393 608 4452 V
632 4395 745 4454 autem
770 4394 805 4453 in
829 4393 974 4454 deterius
997 4408 1115 4454 ruens:

758 4504 798 4578 ὡς
821 4504 903 4567 cludo
926 4503 1035 4565 ἐστιν
1058 4504 1199 4578 ἀσθενεῖς
1221 4503 1364 4585 γέροντας
1387 4503 1457 4566 ἅνδ
1464 4528 1531 4585 ρας
1555 4503 1624 4584 ἤδη.

613 4777 632 4839 ¹)
649 4780 721 4836 Ques
737 4780 885 4838 sequnntur
901 4779 1026 4826 maiorem
1044 4782 1147 4840 purtem
1165 4782 1288 4840 excerpts
1306 4781 1368 4827 sunt
1384 4793 1398 4826 e
1415 4776 1593 4837 Praetutium,
1609 4792 1685 4839 qnam
1701 4776 1781 4824 Rareu

578 4860 648 4906 natis
664 4856 773 4918 imagini
790 4859 951 4919 phototypae
968 4856 1103 4919 praemisi.
