4067 5950
718 797 798 844 vrrs
818 798 859 843 ur
882 798 1052 844 occursus.
1459 782 1500 841 91

313 971 430 1047 Itaque
461 971 515 1032 hic
543 984 685 1046 quoque,
718 971 756 1030 ut
785 970 819 1030 in
851 969 1102 1043 quaestionibus
1128 969 1170 1029 ad
1192 969 1403 1030 iuventutem
1428 966 1501 1026 edu-

268 1083 411 1145 candam
440 1085 474 1144 et
505 1081 718 1143 erudiendam
754 1081 1012 1158 pertinentibus,
1046 1082 1194 1142 comicus
1228 1079 1393 1143 concurrit
1427 1093 1504 1140 cum

268 1197 341 1257 viro
360 1197 418 1259 illo
438 1195 700 1272 sapientissimo,
721 1209 821 1269 quem
842 1195 944 1255 nimis
963 1197 1117 1271 proterve
1136 1195 1216 1256 olim
1234 1195 1367 1272 riserat,
1389 1196 1503 1269 utpote

268 1309 473 1370 ardelionem
486 1324 651 1370 vesanum
672 1311 706 1368 et
724 1307 854 1384 publico
874 1309 1050 1370 commodo
1068 1309 1399 1385 periculosissimum.
1418 1307 1503 1367 llam

267 1422 304 1481 in
335 1422 407 1484 rita
441 1423 565 1483 civium
599 1419 856 1483 Atheniensium
891 1421 1086 1482 mulieribus
1116 1423 1224 1483 iocum
1261 1435 1358 1483 suum
1392 1420 1504 1495 inique

269 1534 442 1611 denegari,
475 1533 571 1608 quasi
597 1533 759 1608 sequioris
782 1548 884 1607 quam
909 1534 971 1595 viri
994 1537 1108 1596 essent
1131 1534 1265 1610 indolis,
1289 1533 1505 1610 dignissimas

269 1650 387 1708 autem
418 1662 493 1709 esse
522 1646 642 1722 quibus
671 1646 747 1722 plus
778 1645 982 1708 tribueretur
1016 1647 1121 1708 studii
1151 1650 1250 1723 atque
1281 1661 1394 1723 curae,
1424 1660 1503 1707 nam

268 1775 373 1836 penes
397 1761 472 1822 illas
496 1775 569 1822 esse
592 1775 687 1836 spem
711 1760 834 1821 aetatis
857 1759 1002 1836 futurae,
1023 1761 1057 1820 in
1077 1761 1224 1822 deterius
1240 1776 1319 1822 vero
1343 1761 1504 1820 ruituram

268 1890 344 1935 rem
376 1873 544 1950 publicam
574 1874 639 1936 nisi
670 1874 829 1935 mulieres
851 1872 957 1950 pluris
979 1871 1097 1935 flerent
1119 1878 1151 1936 et
1176 1874 1296 1935 melius
1318 1873 1503 1935 excoleren-

267 1990 335 2064 tur,
374 2021 414 2031 —
451 2003 490 2048 ea
524 1987 637 2048 omnia
668 1986 907 2061 Aristophanes
940 2001 1005 2048 non
1040 1987 1134 2062 gravi
1168 2001 1250 2048 sane
1283 2001 1437 2048 sermone
1471 1989 1505 2046 et

267 2100 559 2175 argumentatione
590 2102 661 2161 arte
691 2100 881 2161 cohaerenti
911 2099 1168 2177 demonstravit,
1198 2102 1234 2160 ut
1257 2099 1423 2176 Socrates,
1447 2100 1506 2160 sed

267 2213 372 2288 probe
401 2216 440 2274 ut
468 2212 523 2274 ille
553 2213 673 2289 sensit,
707 2227 813 2287 neque
844 2213 1015 2274 immerito
1045 2213 1200 2289 petulans
1223 2213 1277 2274 hio
1299 2212 1505 2274 sanctissimi

267 2326 460 2402 philosophi
489 2326 604 2388 irrisor
627 2342 647 2387 a
669 2325 809 2387 Platone
840 2326 960 2402 dignus
983 2329 1034 2387 est
1057 2325 1191 2387 habitus
1214 2326 1271 2400 qui
1292 2325 1356 2401 ipsi
1379 2325 1507 2387 Socrati

268 2439 447 2514 proximus
470 2438 636 2500 adiaceret
662 2439 697 2499 in
720 2437 907 2514 Agathonis
930 2438 1083 2500 convivio
1107 2441 1139 2500 et
1162 2453 1219 2513 per
1240 2451 1350 2499 soram
1374 2440 1506 2498 noctem

269 2569 350 2614 cum
375 2567 413 2613 oo
437 2553 633 2628 disputaret.
656 2551 697 2612 lit
715 2551 862 2613 tabulam
883 2551 1086 2624 exquisitam
1106 2551 1136 2613 ei
1155 2551 1271 2612 tribuit
1291 2550 1401 2627 Plato,
1422 2565 1506 2624 quae

270 2669 327 2727 est
362 2668 402 2727 de
437 2665 572 2729 homine
604 2664 752 2741 perlecto
786 2665 881 2741 olim,
916 2664 990 2726 dein
1027 2679 1047 2726 a
1076 2665 1155 2726 Iove
1187 2664 1340 2741 discisso,
1372 2664 1505 2738 iamque

269 2779 423 2854 inquieto
444 2793 502 2854 per
525 2779 632 2839 vitam
656 2777 817 2854 versanti,
843 2793 886 2839 an
909 2777 1050 2838 aiteram
1073 2778 1126 2838 sui
1149 2780 1280 2853 partem
1304 2777 1454 2838 inveniat
1475 2780 1509 2838 et

268 2907 349 2952 cum
373 2905 413 2952 ea
435 2891 631 2953 coniunctus
654 2890 820 2966 perlectus
843 2887 903 2950 liat
926 2890 1042 2951 denuo.

410 3005 534 3081 ,Quem
558 3005 731 3080 geminum
755 3004 882 3081 peperit
905 3006 1038 3081 natura,
1064 3004 1153 3065 hunc
1176 3019 1294 3081 aspera
1314 3005 1386 3066 iata

408 3117 602 3195 ,Divulsore
625 3118 814 3179 hominem:
835 3132 924 3178 nunc
947 3117 1142 3179 dimidiatus
1164 3118 1297 3179 oberrat
1307 3119 1337 3179 :”
1362 3152 1402 3163 -
1450 3140 1457 3151 ·

266 3235 357 3294 hanc
390 3233 608 3308 sententiam,
640 3246 725 3307 quas
755 3246 859 3292 sexus
885 3230 1057 3292 muliebris
1083 3232 1185 3294 decus
1215 3234 1315 3306 atque
1346 3232 1505 3293 honorem

266 3346 443 3423 splendide
474 3345 676 3407 vindicantis
707 3348 773 3423 est,
806 3344 847 3406 ab
878 3344 1102 3421 Aristophane
1125 3345 1222 3420 poeta
1245 3345 1373 3406 comico
1396 3360 1506 3406 coram

266 3461 407 3521 Socrate
431 3459 573 3534 prolerri
597 3463 630 3519 et
650 3458 781 3520 delendi
804 3456 904 3519 fluxit
925 3458 1033 3520 Plato.

872 3822 912 3884 V.

313 4025 407 4087 Duas
428 4024 560 4087 fabulas
581 4041 668 4087 anno
692 4025 769 4099 411,
793 4026 867 4099 post
888 4023 1017 4085 cladem
1038 4024 1184 4086 Siculam
1202 4026 1363 4102 secundo,
1387 4040 1506 4086 scenae

269 4140 445 4201 commisit
468 4139 630 4215 comicus,
654 4139 822 4198 incertum
845 4152 909 4212 quo
934 4141 1068 4199 eventu.
1089 4140 1201 4201 Mense
1220 4140 1309 4201 enim
1331 4138 1508 4199 Februario

269 4252 413 4314 Lenaeis
448 4254 524 4313 acta
558 4254 611 4313 est
648 4250 827 4328 Lyahholo
865 4251 937 4311 sive
975 4249 1200 4329 Pacifloatrix,
1240 4268 1356 4314 mense
1389 4252 1507 4312 Martio

270 4368 404 4443 Magnis
442 4366 649 4427 liberalibus
689 4365 1024 4441 liroamoplrorlaauaoe
1055 4368 1126 4427 siva
1157 4368 1309 4429 Mulieres
1340 4367 1508 4427 Bonarum

269 4482 410 4542 dearum
441 4480 618 4542 sollemnia
642 4480 857 4542 celebrantes.
880 4478 1030 4554 Utraque
1053 4479 1166 4541 fabula
1189 4483 1285 4557 poeta
1312 4448 1435 4541 Auium
1459 4481 1511 4541 est

270 4594 451 4670 condigna,
475 4593 613 4654 maioris
637 4596 749 4654 tamen
774 4593 939 4653 momenti
962 4595 1015 4653 est
1037 4593 1136 4668 prior.

316 4706 419 4768 cuius
454 4722 578 4768 nomen
609 4707 799 4782 argumenti
829 4708 881 4767 sst
916 4706 1033 4782 instar,
1065 4721 1182 4781 paoem
1213 4706 1304 4767 enim
1336 4706 1510 4767 indicata

271 4819 414 4882 muliere
439 4819 662 4882 conciliatam.
