4067 5950
681 754 724 798 uu
746 753 855 798 rrxru
878 753 1031 800 rasurae.
1406 738 1472 797 313

243 922 500 985 Atheniensium
543 923 675 985 fabulae
715 923 918 984 Δικαιόπολιν
954 920 1083 1001 ὁρῶντες
1180 921 1474 985 καιακελεάσειν

242 1034 368 1115 ὁρμῶσιν
403 1038 496 1098 dedit
529 1038 686 1099 librarius
722 1039 847 1100 codicis
880 1038 908 1098 R
943 1039 983 1099 de
1018 1041 1181 1099 contextu
1216 1053 1367 1115 securus,
1400 1052 1476 1098 cum

243 1151 369 1213 deberet
392 1155 636 1212 καταλεύσειν
660 1153 713 1213 vel
736 1154 849 1229 potius
872 1156 1098 1213 καταλεῦσαι,

282 1265 376 1326 Pacis
406 1269 520 1327 autem
550 1280 685 1328 versum
720 1268 783 1329 711
816 1266 912 1327 τόπον
942 1265 1162 1327 διδασκαλικόν
1190 1266 1278 1327 haud
1305 1266 1475 1327 immerito

243 1379 421 1441 vocaveris.
445 1378 511 1441 Ubi
534 1381 568 1441 iu
588 1380 656 1440 VR
680 1382 769 1442 recte
793 1383 970 1441 exaratum
995 1383 1064 1442 est:

459 1486 504 1572 ἆρ’
531 1490 570 1552 dv
593 1495 747 1573 βλαβῆναι
771 1492 822 1555 διά
845 1494 958 1573 χρόνον
982 1494 1011 1554 τί
1034 1512 1083 1553 σοι
1106 1493 1205 1571 δοκῶ,

460 1599 483 1666 ώ
508 1602 636 1668 δέσποθ’
658 1602 772 1687 Ἑρμῆ,
794 1615 847 1685 τῆς
868 1602 1008 1687 Ὀπώρας
1032 1607 1272 1680 κατελάσας;

241 1724 325 1782 recte
349 1722 453 1782 etiam
477 1723 685 1800 adscriptum
710 1726 763 1785 est
782 1725 815 1783 in
834 1724 862 1783 R
885 1720 972 1799 ,deri
991 1730 1045 1782 τοῦ
1067 1721 1305 1799 ουνσοσιάσας”,
1331 1737 1476 1783 necnon

243 1836 331 1897 verbi
362 1838 414 1896 vis
445 1839 586 1913 apparet
615 1838 648 1897 in
673 1837 799 1898 scholio
822 1835 861 1912 V,
887 1836 966 1897 licet
988 1837 1132 1898 absurdo
1157 1836 1368 1911 emblemate,
1392 1837 1477 1909 quod

243 1950 394 2011 cancellis
417 1950 623 2026 significabo,
649 1952 681 2012 id
704 1952 750 2011 sit
772 1952 1004 2025 deturpatum:
1032 1948 1096 2026 ,du
1116 1950 1149 2009 σί
1166 1947 1229 2023 [διὰ
1247 1940 1372 2029 χρόνου]
1394 1948 1477 2009 ἐσθί-

243 2085 320 2135 οντες
355 2060 480 2139 ὀπώραν
511 2063 628 2142 πολλὴν
659 2064 855 2143 βλάπτονται,
885 2062 936 2124 καὶ
968 2063 1000 2124 οἱ
1027 2064 1279 2137 σιινοιισιάζοντες
1310 2065 1476 2141 σννεχῶς.”

244 2178 301 2238 Sed
335 2182 502 2241 corrector
539 2212 577 2223 -
615 2182 781 2240 corrector
810 2179 949 2252 iuquam
981 2212 1021 2221 -
1054 2179 1177 2239 codicis
1206 2178 1246 2255 V,
1274 2178 1303 2239 is
1327 2178 1398 2253 ipse
1421 2178 1477 2252 qui

244 2291 365 2352 scholia
395 2293 590 2368 adscripsit,
623 2293 834 2367 participium
867 2293 1034 2364 κατελάσας
1065 2308 1140 2353 cum
1164 2308 1230 2353 nen
1255 2293 1477 2367 intellegeret,

243 2420 384 2481 mutavit
416 2421 450 2480 in
481 2398 751 2497 κατεῖέλασας
777 2415 809 2490 ¹).
842 2419 933 2495 Quod
964 2423 1079 2480 autem
1106 2419 1286 2480 admodum
1311 2392 1363 2479 est
1386 2420 1476 2479 nota·

244 2532 319 2592 bile:
344 2534 431 2609 apud
455 2533 650 2609 Aelianum,
675 2534 730 2607 qui
754 2534 843 2593 bunc
867 2534 978 2595 locum
1002 2533 1299 2609 Aristophaneum,
1324 2536 1368 2606 ut
1381 2532 1476 2607 alios,

244 2645 365 2708 insulse
395 2648 448 2708 est
478 2648 648 2724 imitatus,
672 2648 706 2707 in
732 2646 876 2722 epistola
899 2661 999 2720 quam
1025 2646 1142 2708 scribit
1163 2645 1328 2722 Dercylus
1354 2646 1480 2721 Operae

245 2759 307 2835 (Ep.
334 2761 364 2832 7)
384 2760 527 2836 legitur:
555 2768 628 2838 ,τῆς
649 2754 785 2840 Ὀπώρας
806 2752 863 2820 οὖν
884 2760 1162 2840 καταγελάσας
1180 2760 1209 2818 τί
1226 2757 1360 2832 άδικῶ;”
1380 2760 1477 2821 Num.

244 2877 316 2948 quid
335 2877 437 2951 igitur
457 2877 639 2937 absurdum
661 2876 723 2936 hoc
743 2877 863 2936 vitium
883 2876 1058 2951 legebatur
1076 2875 1178 2935 etiam
1192 2873 1226 2934 in
1239 2873 1335 2934 Pacis
1348 2872 1479 2933 fabulae

245 2991 438 3066 exemplari,
464 3007 528 3066 quo
552 2990 709 3052 utebatur
732 2991 918 3051 Aelianus?
939 2990 1011 3052 Non
1037 2990 1069 3050 id
1089 2988 1261 3051 credibile:
1282 2991 1353 3049 tam
1373 2987 1477 3064 plum·

245 3104 321 3165 beus
343 3120 409 3165 non
433 3108 508 3165 erat
529 3104 643 3166 rhetor
667 3105 923 3180 Praenestinus,
948 3107 985 3165 ut
1008 3104 1160 3164 sincerus
1183 3103 1288 3163 videri
1313 3103 1343 3163 ei
1364 3105 1479 3178 posset

246 3218 404 3278 eiusmodi
430 3219 595 3294 trimeter,
623 3233 729 3293 neque
751 3218 910 3278 irridendi
931 3216 1072 3277 verbum
1096 3217 1130 3277 in
1154 3216 1350 3277 contextum
1374 3215 1479 3290 ipsius

246 3332 416 3394 verborum
453 3333 611 3406 quadrat;
648 3333 706 3392 sed
741 3333 869 3407 optimo
904 3332 975 3392 iure
1006 3329 1131 3392 Kuster
1161 3329 1300 3391 Aeliano
1332 3330 1481 3390 restituit

246 3447 403 3518 κατελάσας
421 3441 454 3517 ¹).
485 3447 555 3507 Aut
585 3446 688 3520 igitur
720 3444 771 3505 bis
801 3448 903 3506 natus
933 3448 986 3505 est
1015 3445 1069 3505 hic
1099 3460 1200 3519 error,
1225 3447 1282 3504 aut
1307 3458 1349 3504 ex
1372 3444 1477 3505 altero

247 3575 338 3635 opere
368 3562 402 3621 in
434 3561 577 3621 alterum
610 3561 663 3620 est
693 3560 848 3620 invectus
871 3573 891 3618 a
913 3559 1026 3635 sciolo,
1053 3559 1109 3633 qui
1132 3558 1279 3619 nesciret
1299 3558 1377 3632 quid
1401 3573 1479 3618 aera

247 3674 403 3736 distarent
426 3675 561 3750 lupinis.

287 3789 400 3850 Simile
435 3789 512 3865 quid
547 3788 669 3849 accidit
699 3787 782 3848 Ran.
816 3789 900 3863 7753
931 3802 1135 3861 quamquam
1165 3786 1194 3845 V
1226 3788 1259 3847 et
1282 3784 1311 3845 R
1335 3785 1409 3846 vitii
1431 3785 1477 3845 ibi

247 3907 321 3964 sunt
343 3905 529 3980 immunes,
553 3902 716 3978 praebent
739 3903 848 3963 enim:

908 4014 937 4074 οἱ
962 4008 990 4074 δ’
1018 4011 1207 4092 ἀκροώμενοι

465 4139 524 4191 τῶν
546 4127 725 4209 ἀντιλογιῶν
749 4126 800 4187 καλ
822 4132 1030 4208 λυγισμῶν
1053 4124 1105 4187 καλ
1128 4136 1270 4206 στροφῶν

464 4241 714 4323 ὑπερεμάνησαν,

252 4360 281 4417 et
312 4376 376 4420 vox
411 4359 611 4435 palaestrica
644 4360 798 4435 λυγισμῶν
829 4347 864 4417 ιἰι
894 4357 923 4416 V
953 4357 1044 4417 recte
1074 4355 1278 4430 explicatur:
1313 4362 1476 4430 ,nuperae

252 4469 280 4540 (l.
308 4479 457 4548 καμπῶν),
482 4470 823 4550 παραλογισμῶν”.
848 4470 911 4530 Sed
935 4470 969 4528 in
997 4468 1207 4542 sequioribus
1230 4468 1353 4542 legitur
1375 4471 1476 4546 λογι-

171 4618 172 4645 ι
253 4602 267 4640 d
274 4595 348 4658 μῶν
371 4585 422 4646 καὶ
446 4593 597 4664 στροφῶν.

284 4825 305 4892 ¹)
322 4832 387 4879 Item
406 4833 491 4880 cobet
508 4828 646 4893 Hyperide
662 4844 722 4891 pag.
741 4833 772 4878 lle
790 4845 830 4892 sq.
