4067 5950
594 815 656 878 148
1107 832 1150 878 nr
1173 832 1298 880 norrun

634 1003 793 1066 chremes
825 1018 880 1065 res
911 1003 944 1064 in
977 1003 1124 1066 comitiis
1154 1007 1267 1081 gestas
1295 1007 1474 1081 postquam
1505 1006 1689 1082 enarravit,
1713 1006 1809 1083 pergit

591 1133 654 1191 quo
677 1117 849 1192 tendebat3
874 1118 977 1178 etiam
1000 1117 1176 1194 Pultispex
1200 1118 1336 1181 domum
1359 1119 1488 1194 repetit.

635 1230 774 1292 Deserta
796 1230 903 1293 denuo
927 1233 980 1292 est
1002 1231 1122 1307 platea.

636 1345 718 1407 Ecce
741 1347 854 1407 autem
878 1343 1018 1406 redeunt
1040 1344 1209 1407 mulieres.
1235 1345 1324 1421 Quae
1348 1346 1543 1420 quantocius
1566 1361 1585 1407 e
1608 1347 1761 1408 concione
1780 1361 1809 1405 ss

592 1459 836 1536 proripuerunt,
871 1472 947 1520 cum
978 1456 1056 1518 finis
1086 1457 1166 1534 iuit;
1199 1473 1287 1520 nunc
1315 1459 1499 1522 carendum
1529 1460 1672 1535 nequid
1695 1460 1809 1520 fraudis

592 1573 722 1635 maritis
745 1573 848 1634 etiam
871 1571 1035 1633 suboleat.
1058 1572 1194 1634 Exuunt
1217 1574 1345 1649 vestes,
1369 1575 1499 1635 exuunt
1522 1573 1650 1649 soleas,
1675 1573 1810 1634 abiciunt

593 1686 740 1764 baculos,
764 1689 892 1763 ponunt
914 1686 1048 1764 barbas,
1074 1686 1149 1748 dein
1172 1700 1269 1748 suam
1292 1702 1440 1762 quaeque
1462 1687 1599 1749 domum
1621 1688 1787 1750 festinant.
1856 1659 1857 1718 l

636 1801 843 1876 Praxagorae
862 1800 994 1862 adversi
1012 1799 1138 1875 aliquid
1154 1814 1241 1861 nunc
1261 1799 1420 1876 omingin
1440 1815 1518 1862 nam
1537 1802 1661 1862 ostium
1680 1802 1808 1862 intranti

592 1916 662 1990 ipse
694 1914 814 1976 coniux
844 1912 882 1974 flt
912 1913 1047 1976 obviam
1062 1957 1069 1974 .
1083 1957 1113 1975 ..
1133 1913 1305 1975 tunicatus
1334 1916 1368 1975 et
1397 1928 1510 1976 secum
1539 1915 1734 1976 mussitans
1759 1915 1808 1990 Qui
1856 1965 1857 2004 1

593 2042 670 2088 cum
694 2042 832 2089 uxorem
855 2026 948 2088 videt
971 2025 1127 2088 manibus
1150 2027 1319 2088 tenentem
1343 2028 1474 2089 restem
1497 2027 1590 2089 illam
1613 2027 1737 2089 dudum
1756 2028 1808 2087 sibi

593 2139 778 2214 quaesitam
814 2141 848 2201 et
877 2138 985 2201 soleas
1017 2141 1051 2200 et
1083 2138 1255 2215 baculum,
1286 2139 1421 2215 gravius
1450 2140 1554 2202 etiam
1577 2141 1807 2202 stomachatur.

593 2256 636 2314 At
657 2253 715 2314 illa
737 2253 992 2329 haudquaquam
1015 2255 1160 2315 terretur
1191 2255 1249 2314 aut
1271 2254 1434 2329 turbatur,
1458 2288 1499 2299 -
1524 2253 1643 2330 quippe
1666 2255 1808 2331 regendis

592 2370 626 2427 et
649 2367 823 2428 ductandis
845 2364 1043 2428 mortalibus
1066 2368 1157 2428 nata.

639 2459 683 2524 -’
706 2479 820 2556 ²,Unde
843 2482 881 2541 tn
905 2480 1129 2542 hominum?'‘

639 2627 678 2638 -
706 2574 774 2669 „iix
798 2594 926 2656 amicae
949 2593 1166 2670 puerperae.‘’

639 2741 677 2752 -
706 2707 809 2784 „Quin
834 2706 918 2768 mihi
941 2707 1056 2768 dixisti
1079 2706 1217 2782 prius?'’

640 2853 676 2862 -
705 2822 830 2898 „Media
851 2822 949 2881 nocte
970 2821 1065 2881 venit
1086 2820 1225 2881 nuntius
1249 2821 1282 2881 et
1303 2819 1463 2881 festinato
1486 2835 1569 2897 opus
1592 2822 1697 2882 orat.'’

607 2970 609 2975 ,
637 2968 677 2981 —
706 2935 875 3011 „Etiamne
898 2948 974 2995 mea
997 2933 1139 2996 veste?”

637 3084 676 3093 -
703 3049 917 3126 „Dormiebas
946 3051 983 3109 tu
1014 3049 1048 3109 in
1072 3047 1163 3129 'lecto
1187 3048 1269 3110 bene
1291 3049 1396 3125 fotus,
1420 3049 1503 3109 milri
1526 3064 1604 3111 vero
1626 3065 1685 3126 per
1708 3049 1805 3123 frigus

592 3165 645 3239 „et
666 3162 822 3225 tenebras
845 3164 917 3223 erat
940 3161 1085 3223 eundum
1109 3162 1325 3224 mulierculae
1347 3162 1463 3239 gracili
1487 3162 1617 3224 debili.”

635 3314 675 3323 -
704 3278 806 3356 „Quid
829 3280 941 3339 autem
965 3277 1076 3339 soleae
1100 3276 1186 3338 istae
1209 3278 1244 3339 et
1266 3276 1449 3338 baculus?”

635 3427 675 3437 -
702 3393 837 3468 „Virum
857 3394 895 3452 ut
914 3405 968 3452 me
988 3390 1183 3451 simularem
1203 3391 1323 3467 sumai,
1343 3390 1434 3452 iures
1454 3390 1561 3451 verita
1579 3389 1787 3451 nocturnos.‘'

635 3540 675 3550 -
701 3504 798 3581 „Mihi
828 3519 906 3566 vero
937 3504 1066 3579 integro
1090 3503 1251 3564 frumenti
1272 3503 1382 3564 modio
1406 3503 1555 3565 constitit
1577 3502 1645 3564 ista
1667 3505 1729 3564 tua
1750 3517 1807 3563 am·

590 3619 772 3695 „bulatio”
797 3651 837 3661 -
858 3617 1041 3678 trinnmmo
1072 3615 1240 3693 videlicet,
1272 3631 1370 3692 quem
1400 3615 1572 3691 Pultispex
1599 3631 1665 3677 non
1690 3614 1805 3690 accepit

586 3734 716 3795 absens.
740 3732 825 3791 Nam
849 3731 1037 3792 mercedem
1062 3729 1170 3806 illam,
1195 3745 1260 3791 non
1284 3746 1339 3791 res
1360 3729 1510 3806 publicas
1533 3729 1683 3791 curabat.

633 3880 672 3890 -
700 3846 745 3924 „0
776 3845 874 3919 bone,
908 3843 1054 3904 frontem
1085 3843 1216 3919 explica
1245 3843 1397 3904 tandem!
1432 3844 1554 3904 Marem
1587 3843 1644 3903 illa
1675 3841 1805 3920 peperit.

591 3960 673 4036 „Sed
687 4005 694 4020 .
709 4004 716 4019 .
731 4003 738 4020 .
751 3958 928 4025 fueruntne
952 3957 1055 4033 igitur
1078 3957 1262 4018 comitia?”

634 4106 673 4116 -
701 4072 772 4147 „Ita
795 4072 890 4131 sanet
916 4070 1007 4131 Tune
1032 4069 1250 4131 nesciebas?”

634 4220 673 4231 -
701 4185 782 4263 „Qui
803 4185 940 4245 scirem!
967 4183 1173 4260 Quamquam
1197 4198 1285 4244 nunc
1308 4184 1447 4244 memini
1470 4183 1626 4244 iniectam
1654 4182 1726 4242 heri
1744 4181 1804 4241 ate

591 4300 657 4377 „roi
679 4297 921 4387 mentionem.”

633 4446 673 4456 —
700 4410 860 4487 „utquid
884 4410 1053 4472 decretum
1077 4413 1175 4486 putas
1183 4412 1222 4470 ?“

631 4526 667 4586 id
697 4540 775 4586 vero
810 4524 1034 4600 Praxagoram
1069 4523 1162 4585 nulla
1193 4524 1383 4584 coniectura
1412 4538 1510 4597 posse
1541 4522 1672 4596 assequi
1702 4520 1801 4597 quivis

587 4638 767 4713 intellegit;
810 4637 868 4698 sed
909 4639 1087 4714 postquam
1121 4652 1163 4698 ex
1198 4636 1379 4711 Pultispico
1414 4651 1484 4696 rem
1521 4636 1661 4712 audivit,
1698 4634 1801 4696 laudat

587 4752 710 4811 civium
733 4749 877 4825 prudens
899 4750 1087 4826 consilium,
1113 4765 1193 4810 mox
1216 4750 1304 4810 enim
1328 4748 1441 4809 adfore
1464 4747 1562 4809 finem
1596 4748 1756 4810 malorum
1775 4748 1801 4804 et

589 4863 800 4939 flagitiorum.
