4067 5950
670 828 713 872 uu
735 827 845 873 ruru
867 826 1020 872 ussurro.
1397 811 1462 871 345

237 1003 290 1063 sed
324 1005 395 1062 tem
427 1001 515 1061 male
546 1001 744 1061 distinctum
774 1004 812 1062 ut
844 1000 903 1062 vix
937 1003 1160 1075 agnoetarum
1192 1016 1270 1061 uam
1302 1033 1345 1043 -
1376 999 1463 1073 quod

238 1116 316 1175 vidit
337 1115 478 1189 Bentley
502 1148 543 1159 -
566 1114 779 1175 scribendum
804 1117 872 1175 est:

453 1220 532 1310 κᾷτ’
558 1225 702 1304 ἔχουσα
726 1224 779 1286 τὸν
801 1226 955 1300 κροκωτὸν
978 1223 1087 1303 ἄρκτος
1112 1218 1130 1302 ἦ
1156 1228 1374 1302 Βραυρωνίοις.

238 1341 394 1402 Fraudem
425 1340 527 1416 igitur
558 1340 620 1402 hoc
646 1339 733 1415 loco,
759 1343 796 1401 ut
819 1339 898 1399 alibi
921 1341 1065 1415 passim,
1088 1340 1234 1401 librariis
1259 1341 1339 1402 feeit
1362 1343 1467 1401 cresis

236 1453 467 1529 particularum
492 1454 544 1511 καί
566 1456 600 1513 et
623 1446 701 1528 stre,
722 1453 797 1513 dein
817 1452 962 1528 gliscens
982 1453 1110 1514 malum
1132 1455 1260 1531 peperit
1277 1457 1464 1516 monstrum

237 1568 319 1641 quod
342 1571 437 1628 extat
459 1569 493 1627 in
518 1567 631 1629 codiee
654 1567 693 1628 R.

277 1683 369 1744 Nune
393 1682 567 1743 videamus
590 1682 692 1742 verbs
714 1682 805 1743 chori
828 1682 927 1757 Vesp.
953 1682 1018 1742 242
1043 1697 1132 1757 sqq.:

410 1792 482 1874 χθὲς
505 1786 562 1856 οὖν
586 1793 692 1855 Κλέων
716 1791 732 1855 ὁ
755 1793 897 1873 κηδεμὼν
920 1790 994 1871 ἡμῖν
1019 1789 1107 1870 ἐφεῖτ’
1133 1793 1165 1855 ἐν
1189 1794 1252 1878 ὥρᾳ

410 1908 496 1987 ἥκειν
518 1908 642 1986 ἔχοντας
665 1903 787 1988 ἡμερῶν
812 1904 907 1987 ὀργὴν
930 1916 1021 1987 τριῶν
1044 1908 1193 1987 πονηράν·

411 2016 455 2081 ἐπ’
480 2021 575 2082 αὐτὸν
599 2019 639 2094 ὣς
663 2019 950 2099 καλουμένους·
974 2012 1018 2081 ὧν
1043 2019 1197 2100 ἠδίκησεν·
1221 2019 1296 2081 ἀλλὰ
1318 2020 1376 2103 γὰρ

411 2138 589 2215 σπεύσωμεν
613 2129 725 2215 ὧνδρες
748 2134 805 2197 κτὲ,

239 2255 287 2313 Sir
321 2254 353 2313 iu
390 2253 419 2314 R
448 2253 531 2315 haee
562 2255 678 2315 extant
709 2255 858 2314 exarata.
891 2252 980 2329 Quae
1008 2254 1038 2314 si
1064 2253 1163 2314 aliter
1185 2253 1467 2327 interpunguntur

238 2366 519 2441 deletapsrticuIa
536 2381 786 2443 supervacanee
803 2365 871 2446 γάρ,
889 2368 996 2428 restat
1020 2366 1119 2427 lectio
1142 2365 1374 2442 fallacissime,
1399 2380 1467 2440 spe·

238 2480 318 2540 ciem
338 2480 428 2541 enim
448 2479 564 2555 habet,
586 2482 620 2541 st
639 2494 757 2556 perum
777 2479 863 2540 afuit
884 2478 963 2554 quin
983 2481 1122 2540 cunctos
1141 2479 1271 2540 codices
1285 2480 1467 2541 invaderet.

239 2592 296 2653 Sed
319 2594 353 2653 in
372 2594 401 2653 V
421 2596 475 2654 est
495 2592 783 2671 σχολούμενος,
801 2593 834 2653 id
853 2607 983 2667 quoque
1006 2593 1182 2670 vitiosum,
1207 2596 1240 2654 et
1263 2596 1375 2669 aperie
1399 2594 1467 2666 qui·

238 2708 308 2767 dem
322 2708 493 2784 vitiosum,
506 2708 576 2770 veri
587 2710 702 2769 temen
717 2707 895 2783 vestigium
909 2721 1050 2768 servans
1058 2708 1320 2784 aliquod.1psam
1328 2708 1468 2780 denique

239 2824 349 2896 poetae
372 2835 511 2883 manum
535 2823 719 2883 restituens
739 2821 864 2883 codicis
882 2821 911 2880 V
930 2824 1097 2883 corrector
1120 2822 1354 2897 superscripsit
1371 2825 1466 2882 sote:

548 2934 588 3009 ὡς
611 2932 948 3012 κολωμένο<υ>ς
972 2926 1016 2997 ὧν
1040 2932 1195 3014 ἠδίκησεν,

239 3054 270 3110 ον
299 3066 439 3112 eum...
471 3066 537 3112 non
567 3053 603 3112 in
626 3052 677 3112 κ’νο
699 3067 853 3127 vocemus,
878 3066 957 3112 nam
982 3052 1106 3113 dudum
1127 3052 1159 3112 id
1182 3051 1309 3113 fectum
1334 3054 1387 3112 est
1410 3052 1469 3110 eut

240 3164 361 3225 fartum
385 3179 461 3226 esse
484 3167 642 3242 sumitur,
668 3165 727 3226 sed
749 3169 785 3225 ut
807 3181 879 3225 eum
902 3165 1169 3227 ulciscamur.

280 3278 341 3338 Hic
370 3293 500 3353 quoque
531 3280 670 3354 apparet
700 3278 777 3352 quid
809 3278 854 3338 sit
884 3278 1022 3339 iactum.
1054 3278 1214 3338 Futurum
1246 3276 1467 3338 rariusculum

241 3390 452 3465 κολωμένους
484 3392 562 3453 olim
596 3392 679 3453 abiit
708 3393 743 3453 in
773 3392 1024 3469 κολουμένους,
1048 3394 1136 3466 quod
1160 3392 1279 3452 vitium
1302 3391 1467 3468 παραδιορ-

242 3509 363 3576 eoem
386 3506 444 3565 alii
467 3505 674 3582 seripserunt
696 3504 939 3584 χολουμένους
958 3508 1018 3577 (sie
1038 3506 1156 3566 Veneti
1175 3508 1269 3580 puter
1290 3505 1343 3565 vel
1362 3509 1468 3578 avus),

243 3619 295 3678 alii
316 3617 559 3696 καλουμένους
582 3620 644 3690 (sie
666 3619 896 3690 Ravennatis).

346 3889 399 3966 17)
421 3891 475 3951 De
495 3891 705 3951 verborum
726 3888 873 3957 formis,
895 3905 989 3963 quus
1009 3889 1137 3963 prisea
1157 3889 1364 3963 praebebat

671 3993 800 4066 dictio,
821 3995 1025 4069 corruptis.

284 4196 319 4256 In
343 4212 454 4273 versu,
481 4211 580 4270 quem
604 4195 703 4256 modo
722 4195 911 4271 tetigimus,
930 4196 1040 4272 prisca
1059 4195 1153 4256 verbi
1172 4195 1469 4256 formaalibrariis

247 4325 303 4369 uon
337 4312 388 4372 est
421 4311 547 4384 agnita.
583 4307 710 4370 Afflnes
744 4313 824 4370 sunt
858 4309 936 4386 loci,
972 4309 1030 4370 ubi
1058 4312 1260 4371 recentiores
1291 4309 1466 4370 verborum

247 4421 360 4496 figurae
389 4425 593 4485 substitutae
623 4425 703 4483 sunt
734 4438 811 4483 vere
841 4424 962 4484 atticis.
986 4423 1034 4484 Ns
1057 4427 1203 4484 metrum
1227 4425 1359 4497 quidem
1385 4425 1470 4484 satis

249 4537 371 4597 valebat
394 4539 433 4597 ed
453 4537 537 4598 talia
559 4537 717 4597 arcenda:

327 4653 406 4712 Aah.
431 4652 508 4711 279.

459 4761 478 4839 ἡ
504 4758 532 4821 δ’
558 4760 648 4834 ἀσπὶς
670 4760 703 4821 ἐν
726 4771 765 4844 τῷ
790 4763 919 4848 φεψάλρο
943 4764 1276 4842 κρεμασθήοεται.

594 4878 648 4938 Sie
672 4877 700 4936 R
723 4892 782 4952 pro
805 4877 1057 4955 κρεμήσεται.
