4067 5950
688 817 769 862 11111
792 819 831 862 ur
854 817 1023 864 onustans.
1430 804 1472 864 65

241 992 301 1054 sed
324 991 407 1052 victi
429 989 553 1052 aemuli
575 991 731 1066 suspecta
753 988 848 1064 fides,
875 1023 915 1034 —
941 990 1156 1052 Maricantem
1181 991 1315 1065 Eupolis
1333 989 1476 1052 tinxerat

242 1106 284 1167 ad
316 1103 541 1166 imitationem
571 1103 707 1165 isiciarii
742 1103 832 1164 illius
866 1104 1115 1179 Aristophanei.
1150 1104 1200 1165 Ad
1231 1106 1317 1179 quod
1348 1105 1475 1166 crimen

242 1219 386 1281 crimino
415 1217 621 1294 respondens
650 1217 802 1292 Eupolis:
829 1217 953 1293 ,immo
977 1219 1075 1278 mea”
1099 1217 1206 1292 inquit
1231 1233 1271 1293 ,a
1293 1217 1388 1278 calvo
1411 1219 1476 1279 isto

243 1332 410 1394 nebulone
433 1331 615 1408 repetivil''
636 1365 677 1376 -
699 1330 810 1406 capilli
833 1330 1052 1406 Aristophani
1071 1333 1202 1392 mature
1221 1331 1417 1392 exciderunt
1436 1365 1475 1380 -

247 1461 348 1522 ,nam
371 1446 443 1521 ipse
467 1447 704 1520 argumentum
729 1443 860 1505 fabulae
888 1442 994 1520 illius,
1019 1459 1084 1517 qua
1106 1445 1280 1520 tantopere
1303 1443 1477 1519 gloriatur,

245 1562 331 1622 dono
355 1559 385 1620 ei
409 1558 606 1620 dederamt'’

291 1673 346 1736 Sic
380 1676 497 1749 poetae
530 1673 670 1733 iuvenes
704 1671 877 1748 laudisque
910 1671 998 1732 avidi
1037 1672 1236 1733 scommatis
1272 1706 1311 1716 -
1347 1674 1479 1734 serione

248 1789 357 1863 magis
380 1803 423 1849 an
446 1787 621 1849 locantes?
646 1819 685 1830 -
711 1786 799 1848 inter
821 1800 858 1847 se
880 1786 1132 1847 lacessiverunt.

293 2015 395 2078 (ileon
425 2013 538 2076 fabula
568 2029 634 2076 non
665 2016 719 2075 eet
748 2013 857 2074 factus
888 2013 1013 2087 denuo;
1045 2027 1151 2087 neque
1178 2013 1268 2075 enim
1291 2014 1325 2074 in
1348 2013 1425 2076 fatie
1449 2017 1480 2076 ei

247 2130 311 2192 fuit
341 2133 380 2191 ut
409 2131 562 2204 pergeret
592 2128 681 2190 cives
710 2128 850 2190 incitare
880 2128 921 2188 ad
945 2142 1017 2188 ram
1045 2130 1181 2188 strenue
1204 2130 1394 2202 gerendam.
1418 2128 1480 2205 Qui

249 2248 362 2306 autem
394 2259 480 2305 anno
510 2243 663 2318 proximo
693 2242 818 2304 frustra
841 2243 1059 2319 speraverant
1081 2242 1151 2303 fore
1175 2245 1212 2302 ut
1234 2246 1309 2318 post
1331 2244 1481 2304 inducias

248 2359 367 2420 statim
390 2356 484 2420 fleret
507 2373 586 2433 pax,
612 2357 652 2418 ad
675 2356 817 2433 pristina
839 2358 907 2418 lam
928 2356 1069 2418 consilia
1087 2357 1270 2432 redierunt,
1291 2373 1367 2419 cum
1389 2359 1481 2419 clade

248 2471 524 2547 Amphipolitana
543 2487 561 2531 e
581 2471 706 2532 civium
727 2471 849 2532 animis
868 2470 1011 2532 bellandi
1024 2470 1136 2531 studia
1148 2486 1292 2532 excussa
1303 2473 1482 2547 sentirent,

249 2599 311 2646 nec
330 2600 396 2646 non
417 2585 604 2661 Spartiatae
622 2587 755 2646 mortuo
773 2584 912 2646 Brasida
931 2585 1013 2645 duce
1033 2585 1325 2661 praestantissimo
1341 2585 1483 2647 libenter

249 2713 347 2759 arma
369 2698 547 2774 posituros.

295 2813 413 2886 Itaque
442 2811 521 2872 hino
544 2810 763 2872 Plistoanacti
788 2810 1122 2872 Lacedaemoniorum
1146 2811 1217 2886 regi
1239 2812 1330 2886 pacis
1353 2814 1483 2874 amanti

249 2927 304 2987 ost
334 2925 617 3001 obtemperatum,
648 2923 740 2985 illinc
763 2923 875 2985 Niciae
898 2924 1095 2985 cautissimo
1118 2925 1318 3000 negotiatori
1340 2929 1375 2987 et
1397 2926 1481 2988 feno·

251 3039 370 3115 ratori,
403 3038 598 3100 cautissimo
628 3038 662 3099 111
686 3039 776 3099 vitae
802 3037 950 3099 moribus
973 3039 1203 3114 instituendis,
1228 3040 1424 3101 cautissimo
1448 3042 1482 3102 in

250 3152 406 3228 gerendis
435 3152 534 3214 rebus
565 3151 719 3213 civilibus
749 3154 783 3212 et
807 3151 946 3213 bellicis.
971 3150 1030 3211 Oui
1053 3151 1214 3213 hactenus
1237 3154 1423 3228 contigerat
1445 3158 1483 3216 ut

250 3266 356 3328 nullis
384 3266 576 3327 bominibus
606 3268 695 3327 asset
726 3265 911 3326 offensioni.
941 3265 1012 3326 Non
1048 3266 1137 3326 enim
1169 3268 1341 3341 repentino
1373 3267 1481 3342 aliquo

251 3380 406 3441 fortunae
436 3380 550 3441 favore
580 3380 705 3440 ditatus
728 3380 813 3453 erat,
838 3393 943 3451 neque
967 3376 1079 3439 subito
1102 3394 1181 3440 casu
1205 3380 1389 3441 emicuerat
1411 3383 1484 3442 eius

251 3493 359 3569 fama,
397 3493 455 3553 ead
490 3492 615 3553 sensim
651 3492 825 3553 creverant
859 3506 952 3565 opes,
989 3492 1117 3551 sensim
1154 3494 1306 3553 creverat
1339 3495 1485 3555 nominis

252 3605 419 3681 splendor.
450 3606 500 3667 Ab
530 3604 722 3665 hominibus
753 3604 982 3665 audacioribus
1013 3604 1043 3663 si
1070 3605 1202 3678 quando
1225 3620 1279 3666 ree
1302 3606 1485 3669 familiares

251 3719 476 3793 reipublicae
495 3718 530 3779 in
550 3719 658 3779 aleam
677 3717 850 3795 dabantur,
870 3718 942 3791 ipse
965 3721 1147 3793 expectans
1165 3718 1199 3779 111
1219 3721 1292 3779 tuto
1311 3719 1484 3795 adstabat;

252 3831 312 3893 alii
343 3833 423 3894 dum
454 3833 542 3893 intra
564 3845 744 3907 paucorum
769 3831 897 3891 dierum
919 3830 1136 3892 intervallum
1159 3832 1330 3907 ingentem
1352 3831 1484 3893 laudem

252 3946 471 4020 ingentemve
505 3944 578 4005 auri
615 3943 685 4002 vim
727 3941 919 4018 captabant,
963 3942 1021 4003 alii
1062 3944 1150 4003 male
1184 3943 1378 4019 perdebant,
1415 3944 1485 4019 ipse

251 4060 346 4120 lento
376 4072 494 4132 gressu
526 4058 560 4118 et
589 4055 793 4132 pedetentim
815 4054 873 4115 sed
895 4070 1054 4130 prospero
1076 4071 1210 4131 semper
1233 4058 1353 4117 eventu
1377 4073 1484 4132 proce·

251 4172 369 4245 debat,
394 4186 499 4244 neque
522 4170 644 4231 damno
666 4184 813 4243 unquam
837 4168 993 4229 affectum
1017 4171 1116 4228 norat
1138 4170 1325 4242 quisquam.
1350 4171 1486 4243 Iamque

253 4285 393 4345 venerat
417 4286 565 4359 tempus,
590 4297 653 4356 quo
676 4297 788 4342 rerum
807 4282 991 4356 patriarum
1011 4296 1089 4356 pars
1108 4297 1229 4356 magna
1248 4282 1381 4343 futurus
1401 4287 1485 4360 erat,

253 4412 372 4460 eorum
407 4396 463 4469 qui
497 4396 570 4471 paci
604 4395 783 4456 studebant
816 4395 982 4470 princepe,
1018 4409 1084 4454 non
1122 4395 1223 4456 nobili
1261 4396 1394 4469 quidem
1429 4397 1487 4457 sed

253 4509 497 4572 honestissima
526 4511 615 4570 certe
639 4512 738 4583 geute
760 4511 861 4569 natue
884 4509 933 4567 vir
956 4508 1070 4583 gravis
1093 4510 1126 4567 et
1149 4508 1332 4582 praedives.
1357 4508 1488 4570 Cleonis

252 4623 391 4699 quidem
414 4622 589 4683 facundiae
611 4620 928 4683 vehementissimae
950 4620 1060 4696 impar
1082 4623 1117 4681 et
1138 4622 1237 4681 antea
1259 4620 1367 4682 fuerat
1390 4626 1488 4684 etex

253 4737 314 4797 illo
346 4736 545 4812 praesertim
577 4735 645 4810 die,
676 4750 808 4808 quo-
831 4734 934 4795 nimis
962 4736 1043 4795 tuno
1069 4737 1205 4796 cautus!
1233 4767 1273 4778 -
1296 4738 1488 4810 praeturam

255 4850 288 4911 ei
312 4848 433 4923 cessit;
458 4847 618 4909 coriarius
641 4848 731 4908 enim
754 4847 826 4908 eius
850 4848 929 4907 tunc
951 4845 1023 4908 loco
1046 4845 1165 4922 Pylum
1189 4847 1356 4922 profectus
1374 4848 1489 4911 felicis·

339 4955 389 4998 aa.
1370 4954 1384 4995 o
