4067 5950
589 790 654 849 308
1028 802 1070 849 ur
1092 803 1201 850 uuxuu
1224 804 1378 852 ussurus.

676 977 762 1039 Εοολ.
787 977 852 1038 290
875 978 958 1039 haec
980 978 1118 1053 praebet
1141 978 1186 1039 R:

1236 1086 1269 1165 tc
1292 1087 1331 1152 δν

967 1203 1009 1283 μὴ
1034 1200 1099 1289 nupt
1123 1204 1206 1267 πάνυ
1229 1214 1283 1267 τοῦ
1306 1204 1439 1284 κνέφους

966 1318 1026 1404 ἥκῃ
1046 1318 1243 1397 κεκονιμένος

966 1430 1122 1513 βλέπων
1152 1432 1382 1514 ὑπότριμμα

965 1543 1140 1628 στέργων
1170 1548 1428 1635 σκοροδάλμῃ

964 1659 1006 1739 μὴ
1031 1660 1140 1722 δώσειν
1162 1660 1197 1722 τὸ
1219 1662 1393 1741 τριώβολον.

583 1778 676 1838 Idem
699 1776 877 1838 verborum
901 1777 979 1838 ordo
1003 1780 1056 1837 est
1079 1777 1112 1838 in
1136 1778 1256 1839 ueteris
1279 1778 1446 1841 codicibus
1453 1796 1461 1854 ;
1486 1794 1646 1841 numeros
1668 1777 1800 1840 restituit

583 1891 707 1952 Porsen
733 1889 922 1952 scribendo:

963 2000 1138 2085 στέργων
1168 2005 1435 2091 σκοροδάλμῃ,

963 2115 1120 2198 βλέπων
1149 2117 1400 2198 ὑπότριμμα,
1428 2118 1470 2198 μὴ

964 2231 1074 2293 δώσειν
1095 2231 1130 2294 τὸ
1151 2232 1326 2313 τριώβολον.

672 2347 759 2409 Plut.
784 2348 849 2408 286
869 2346 907 2431 in
930 2347 959 2408 R
982 2349 1052 2411 est:

760 2458 855 2533 ὄντως
878 2460 935 2542 γάρ
959 2460 1021 2521 ἔστι
1043 2461 1201 2534 πλουσίοις
1224 2460 1372 2522 ἅπασιν
1402 2459 1499 2541 ἡμῖν
1530 2456 1620 2523 εἶναι.

582 2576 684 2638 Recte
718 2575 764 2636 V:
801 2571 897 2653 ἡμῖν
932 2574 1089 2636 άκασιν.
1125 2576 1232 2637 Simili
1269 2576 1352 2638 vitio
1390 2577 1418 2638 R
1451 2577 1582 2640 laborat
1616 2578 1693 2654 Lys.
1727 2577 1796 2638 124:
1852 2620 1853 2629 ,

581 2687 712 2766 ἀφεκτέα
736 2689 841 2750 τοίνυν
872 2685 968 2768 ἡμῖν
998 2687 1123 2768 έστλν,
1153 2691 1210 2751 ubi
1233 2690 1374 2765 Bentley
1397 2692 1545 2753 restituit
1575 2688 1682 2751 ἐστὶν
1709 2686 1796 2768 ἡμῖν.
1851 2722 1853 2755 J

580 2803 628 2865 Of.
662 2805 763 2864 etiam
791 2803 869 2865 ibid.
899 2819 951 2865 ve.
988 2805 1072 2866 705:
1098 2812 1155 2865 τοῦ
1179 2802 1303 2876 σκέλους
1330 2802 1462 2883 λαβὼν
1489 2803 1593 2883 ὑμᾶς
1620 2829 1678 2883 τις,
1703 2803 1799 2866 ubis
1851 2796 1852 2799 '

580 2920 671 2980 reete
698 2914 799 2995 ὑμᾶς
830 2917 972 2995 λαβών.

624 3147 737 3222 Neque
767 3145 888 3207 desunt
918 3145 995 3224 loci,
1028 3147 1084 3208 ubi
1115 3148 1279 3209 eiusmodi
1302 3148 1384 3210 vitio
1414 3150 1448 3210 et
1471 3148 1500 3209 V
1522 3148 1651 3210 laborat
1667 3150 1704 3209 et
1725 3147 1750 3207 R
1769 3145 1796 3204 et

580 3262 681 3323 ceteri
705 3276 822 3322 omues
845 3263 903 3321 eut
926 3260 1086 3336 plerique.
1110 3261 1145 3322 E.
1170 3276 1221 3336 g.:

668 3376 750 3436 Ach.
775 3376 852 3436 841.
1848 3307 1850 3466 t

749 3480 829 3559 Ιτοὺς
859 3495 932 3546 νῦν
961 3509 1027 3564 μοι
1057 3485 1202 3559 λίθους
1232 3490 1343 3566 χαμᾶζε
1365 3496 1486 3567 πρῶτον
1509 3485 1674 3567 ἐξεράσατε.

669 3602 751 3664 Aah.
778 3603 854 3663 636.

623 3714 769 3794 πρότερον
794 3711 820 3775 δ’
847 3713 927 3792 ὑμᾶς
950 3714 986 3775 ολ
1007 3712 1175 3794 πρέσβεις
1198 3713 1268 3776 ἀπὸ
1292 3724 1360 3776 τῶν
1383 3716 1522 3777 ντδλεων
1546 3713 1744 3788 ἐξαπατῶντες

623 3838 743 3908 πρῶτον
766 3825 822 3906 μέν
845 3828 1046 3905 ἰοστεφάνους
1069 3826 1199 3888 ἐκάλουν
1222 3826 1279 3888 κτὲ.

578 3945 717 4019 Bentley
741 3943 891 4004 restituit
906 3958 1081 4005 numeros:
1105 3942 1176 4015 τοὺς
1199 3944 1342 4016 λίθους
1371 3944 1444 4005 νύν
1467 3966 1533 4022 μοι
1556 3949 1608 4008 et:
1637 3943 1708 4005 ἀπὸ
1733 3951 1793 4003 τῶν

577 4057 731 4118 πόλεων
763 4056 799 4117 οἱ
828 4054 1025 4137 πρέσβεις.

666 4174 730 4234 Au.
755 4174 831 4234 515.

754 4284 842 4346 άετδν
873 4282 1039 4364 ἔστηκεν
1070 4283 1185 4366 δρνιν
1216 4284 1310 4366 έχων
1342 4284 1392 4347 ent
1415 4296 1467 4366 τῆς
1491 4291 1633 4365 κεφαλῆς.

575 4401 640 4464 Ubi
671 4402 730 4462 aut
763 4397 879 4480 ὄρνιν
921 4397 1088 4480 ἕστηκεν
1130 4399 1227 4481 έχων
1262 4403 1322 4463 eut
1357 4397 1523 4478 ἕστηκεν
1563 4399 1661 4481 ἔχων
1694 4397 1791 4480 ’ὄρνιν

576 4517 711 4592 scripsit
732 4517 839 4592 poete.

665 4638 727 4696 Ar.
752 4634 829 4697 604.

619 4740 707 4828 ἦνεῦ
724 4741 886 4826 πράττοιτ’,
907 4745 961 4825 οὐχ
988 4743 1124 4827 ὑγίεια
1150 4745 1299 4826 μεγάλη
1323 4739 1421 4805 τοῦτ’
1449 4741 1546 4817 έστλ;
1570 4738 1642 4821 σάφ’
1665 4743 1728 4804 ἴσθι
1742 4734 1789 4801 κτέ.

574 4867 703 4928 Vitium
738 4863 792 4923 huc
835 4863 946 4937 crepat
987 4858 1100 4940 ὑγίεια,
1132 4859 1268 4920 turbata
1302 4861 1415 4921 autem
1454 4874 1529 4920 esse
1563 4858 1666 4920 verba
1699 4853 1789 4918 sensit
