4067 5950
555 749 618 809 124
1065 766 1108 813 nn
1130 767 1256 815 1611111

552 939 692 1012 denique
725 939 856 1000 consilii
885 939 981 1014 inops
1011 939 1134 1000 ianitor
1167 939 1260 1016 ,Huc
1290 941 1414 1016 igitur'’
1444 942 1492 1002 aii
1519 938 1726 1016 ,sequimini
1753 936 1794 995 ad

555 1051 765 1126 ,dominum:
797 1051 826 1112 is
856 1054 930 1112 uter
957 1066 1058 1113 verus
1089 1053 1173 1114 deus
1198 1053 1262 1130 sit,
1295 1057 1371 1116 uter
1401 1052 1517 1130 fictus,
1551 1053 1667 1123 dicito;
1705 1065 1794 1110 nam

555 1165 662 1240 ,inter
684 1179 720 1225 se
742 1167 866 1227 norunt
888 1164 1062 1226 numina.”

599 1311 640 1321 -
668 1277 799 1353 ,Laudo
822 1277 1039 1339 consiliumi”
1063 1278 1113 1340 sic
1135 1279 1316 1357 Xantbins,
1348 1279 1455 1342 latera
1478 1277 1640 1340 vibicibus
1662 1277 1799 1338 striata

552 1391 687 1452 interim
709 1390 877 1452 mulcens:
904 1392 982 1467 ,sed
1006 1391 1129 1454 vellem
1152 1394 1245 1468 prius
1267 1393 1302 1455 in
1326 1393 1359 1455 id
1382 1393 1603 1454 incidissesl”

597 1594 746 1656 'laudem
775 1594 876 1670 igitur
899 1595 1068 1670 Dionysus
1091 1597 1242 1672 pervenit
1272 1612 1337 1672 quo
1364 1594 1509 1672 volebat,
1536 1598 1636 1669 utque
1658 1592 1797 1668 Euripi-

536 1697 629 1769 ¹dem
660 1708 916 1770 dilectissimum
946 1711 1082 1784 poetam
1110 1711 1144 1772 in
1168 1710 1277 1771 lucem
1301 1709 1401 1772 liceat
1424 1709 1581 1772 reducere
1604 1723 1624 1769 a
1646 1706 1800 1766 Plutone

554 1821 642 1883 haud
676 1820 852 1883 difficulter
885 1823 1045 1898 impetrat
1074 1838 1114 1885 ea
1144 1823 1335 1885 condicione
1365 1826 1402 1884 ut
1433 1825 1534 1885 antea
1563 1819 1737 1895 Aeschylo
1764 1822 1799 1880 61

554 1935 714 2011 Euripidi,
734 1936 894 1997 thronum
910 1938 1082 2011 poetarum
1101 1937 1305 2013 tragicorum
1325 1935 1617 2012 praestantissimo
1637 1933 1799 1994 debiturn

555 2048 619 2109 sibi
653 2047 894 2109 vindicantibus
924 2048 1103 2127 ambobus,
1135 2050 1260 2112 arbiter
1282 2050 1399 2112 sedeat
1421 2050 1504 2111 artis
1526 2047 1678 2109 scenicae
1702 2061 1801 2108 unus

556 2163 707 2224 omnium
737 2163 975 2240 peritissimus,
1007 2165 1164 2239 quoniam
1196 2164 1310 2226 nullus
1337 2166 1390 2224 est
1412 2164 1468 2238 qui
1489 2163 1585 2238 plura
1608 2175 1710 2236 quam
1738 2159 1799 2219 1116

555 2276 758 2352 spectaverit
788 2275 949 2337 dramata.
978 2277 1074 2339 Nunc
1104 2278 1290 2340 dirimenda
1317 2276 1447 2354 estiis,
1473 2291 1555 2352 quae
1577 2276 1613 2335 in
1635 2273 1800 2335 Plutonis

556 2404 658 2464 regno
692 2388 860 2464 extemplo
895 2390 1022 2451 exarsit
1056 2390 1210 2466 Euripide
1245 2394 1392 2467 mortuo,
1428 2405 1470 2451 ne
1503 2388 1644 2465 posthac
1683 2387 1799 2448 denuo

557 2503 773 2564 exardescere
803 2502 920 2577 possit.
950 2502 1023 2564 Non
1055 2504 1143 2564 enim
1175 2505 1429 2580 inperpetuum
1454 2504 1487 2563 in
1510 2501 1609 2564 terris
1632 2503 1702 2562 iam
1726 2499 1798 2559 vic·

555 2618 652 2678 turus
674 2618 726 2676 est
748 2615 933 2692 Euripides,
957 2617 1015 2676 sed
1038 2618 1147 2678 serius
1170 2617 1261 2678 ocius
1284 2617 1325 2677 ad
1348 2616 1472 2678 inferos
1494 2616 1670 2677 rediturus.

601 2730 665 2790 Hic
700 2728 881 2790 lectoribus
915 2730 1064 2790 animum
1095 2731 1347 2792 advertentibus
1382 2731 1520 2806 apparet
1552 2728 1796 2801 commissura,

557 2858 623 2918 qua
652 2842 783 2904 fabulae
813 2843 909 2918 stirpi
940 2844 1067 2905 inserta
1098 2846 1149 2905 est
1179 2846 1257 2905 novi
1279 2844 1408 2905 inventi
1432 2857 1575 2918 gemma.
1601 2841 1690 2917 Quae
1715 2840 1799 2901 licet

558 2956 726 3018 artissime
749 2972 825 3019 eum
846 2957 908 3019 illa
930 2960 1134 3022 concreverit
1153 2960 1187 3021 et
1203 2958 1289 3020 laete
1310 2957 1487 3020 effloruerit
1507 2955 1663 3018 uberibus
1681 2955 1798 3016 666616

558 3072 698 3148 6611116,
729 3072 904 3132 166616166
934 3074 1047 3133 tamen
1075 3072 1166 3135 locus
1191 3074 1282 3135 cerni
1306 3074 1409 3134 etiam
1431 3074 1552 3148 potest.
1577 3071 1640 3130 Sed
1665 3072 1797 3144 specta·

557 3188 648 3246 tores
677 3186 749 3245 tum
779 3199 856 3245 cum
886 3185 1030 3259 primum
1061 3190 1137 3248 6616
1167 3190 1220 3248 661
1250 3186 1362 3249 fabula
1390 3188 1447 3248 aut
1471 3199 1587 3247 omnes
1611 3185 1671 3243 aut
1693 3182 1797 3256 longe

557 3298 732 3373 plerosque
754 3312 829 3359 eam
852 3298 978 3374 fugisse
1001 3300 1074 3361 veri
1098 3303 1149 3362 est
1173 3301 1294 3362 simile.

604 3502 651 3561 En
681 3501 783 3575 igitur
814 3501 898 3563 alter
928 3503 1026 3587 alteri
1056 3504 1200 3579 oppositi
1230 3504 1323 3564 stant
1349 3505 1467 3577 poetae
1491 3500 1622 3575 tragici,
1652 3533 1690 3544 -
1715 3500 1799 3561 irinc

559 3615 589 3675 is
622 3614 679 3689 qui
712 3629 771 3689 pro
805 3615 932 3689 patriae
966 3615 1076 3676 salute
1111 3615 1241 3677 fortiter
1275 3614 1355 3676 olim
1395 3612 1566 3674 dimicavit
1601 3615 1636 3672 et
1670 3613 1799 3673 civium

560 3728 683 3790 animis
713 3727 821 3789 celsae
852 3728 934 3788 artis
961 3743 1063 3804 opera
1089 3729 1330 3789 admiratorum
1361 3729 1536 3788 strenuam
1561 3726 1613 3785 661
1637 3724 1798 3786 fiduciam

560 3843 776 3914 ardoremque
810 3842 969 3901 martium
1005 3841 1148 3918 inflavit,
1182 3840 1275 3901 illinc
1309 3840 1388 3902 novi
1417 3839 1543 3901 saeculi
1572 3854 1706 3915 praeco,
1739 3840 1799 3913 qui

561 3956 690 4016 civitati
718 3956 752 4015 in
783 3954 901 4015 ultimo
932 3953 1052 4015 salutis
1083 3956 1273 4016 discrimine
1304 3954 1452 4016 versanti
1479 3969 1544 4014 non
1568 3954 1686 4013 habuit
1708 3954 1799 4027 quod

561 4068 733 4143 praeberet
761 4068 828 4134 nisi
859 4068 1102 4128 dubitationum
1135 4068 1357 4144 multiplicum
1386 4067 1643 4143 impedimenta:
1668 4068 1721 4127 vir
1743 4067 1800 4127 cui

562 4182 665 4242 etiam
689 4184 801 4242 aetate
823 4182 1030 4256 provectiore
1054 4183 1238 4257 permansit
1260 4182 1357 4243 robor
1381 4180 1540 4256 iuvenile,
1565 4181 1599 4239 61
1619 4179 1675 4253 qui
1694 4194 1801 4241 senex

563 4296 661 4357 uatus
684 4297 736 4356 est
760 4295 835 4356 aevi
857 4294 1051 4356 recentioris
1074 4293 1172 4356 filius.
1201 4296 1247 4371 ,0
1270 4296 1390 4371 mox,”
1415 4295 1464 4353 sic
1487 4295 1621 4368 chorus,

766 4459 812 4535 ,0
835 4473 915 4520 mox
938 4458 988 4518 ira
1010 4457 1161 4519 tonantis
1185 4458 1261 4534 erit,
1285 4458 1399 4532 gravis
1423 4458 1489 4533 ira,
1515 4458 1632 4532 poetae

767 4572 1028 4649 ,conspicientis
1052 4573 1090 4632 ut
1114 4571 1170 4632 ille
1193 4573 1294 4633 acuat
1316 4572 1452 4633 dentem
1477 4569 1542 4631 sibi
1565 4570 1683 4631 sollers

811 4686 1011 4764 ,aemulum
1036 4685 1203 4747 horribilis
1228 4686 1318 4748 furor
1341 4702 1383 4747 ex
1406 4686 1590 4760 oculisque,

922 4799 1031 4875 ,Quos
1056 4801 1157 4877 rotat,
1183 4798 1331 4875 micabit,
1358 4799 1410 4859 bio
