4067 5950
545 756 587 816 62
1065 769 1108 816 ur
1130 767 1256 814 rossus

545 943 683 1004 minime
714 941 776 1004 sibl
808 957 881 1004 esse
911 943 944 1002 in
976 941 1108 1016 anim03
1140 943 1175 1003 et
1203 941 1301 1002 stetit
1322 940 1501 1017 promisso,
1532 940 1714 1000 nonenim
1743 941 1776 999 in

544 1057 653 1132 ipsum
673 1055 829 1118 Cleonem
849 1055 992 1117 intendit
1009 1055 1208 1117 facetiarum
1227 1054 1295 1116 tela
1313 1055 1474 1116 aculeata.
1493 1054 1554 1114 Sed
1575 1055 1610 1114 in
1630 1054 1779 1114 dementi

544 1170 687 1242 quodam
717 1168 867 1245 ,Cleonis
890 1168 1113 1230 admiratore’‘
1137 1169 1248 1242 ipsum
1272 1166 1428 1229 Cleonem
1449 1168 1633 1243 despicatui
1655 1169 1687 1228 et
1707 1182 1779 1242 pro-

545 1283 642 1357 pudio
673 1283 721 1344 ita
751 1282 882 1357 habuit,
915 1283 952 1342 ut
981 1284 1074 1342 recta
1101 1281 1130 1342 61
1161 1283 1251 1342 esset
1281 1281 1418 1359 petitus,
1444 1281 1556 1342 minus
1579 1281 1725 1342 fortasse
1748 1281 1780 1339 id

513 1441 520 1453 .
546 1397 575 1455 ei
606 1410 708 1469 grave
741 1395 842 1456 fuerit
876 1394 1039 1456 futurum.
1069 1394 1135 1455 Sua
1166 1396 1279 1456 autem
1309 1395 1414 1470 ipsius
1444 1395 1545 1455 verba
1576 1395 1630 1455 cui
1660 1394 1782 1455 tribuit

545 1513 643 1584 poeta
673 1507 874 1569 adolescenti
905 1506 1007 1584 probo
1037 1510 1175 1569 61161166
1199 1508 1366 1583 prudenti,
1391 1508 1467 1568 huic
1491 1507 1644 1583 ,Cleonis
1666 1508 1780 1569 osori”

547 1621 636 1682 dedit
660 1636 793 1683 nomen.

590 1735 636 1795 Ut
654 1735 833 1811 Proagoni,
855 1735 903 1797 sic
922 1736 1086 1811 etVespis
1104 1736 1251 1812 primum
1269 1735 1454 1812 praemium
1471 1737 1613 1798 cessisse
1629 1739 1781 1811 videtur;

547 1856 637 1913 certe
660 1853 791 1927 iniquos
812 1853 878 1913 nisi
901 1851 1028 1914 iudices
1051 1853 1172 1913 sortita
1195 1855 1248 1913 est
1270 1851 1396 1927 fabula,
1418 1853 1531 1914 cedere
1550 1852 1583 1913 id
1603 1853 1633 1913 ei
1653 1853 1780 1914 debuit.

547 1967 659 2040 Neque
690 1967 778 2028 enim
810 1967 965 2030 festivius
994 1984 1102 2043 neque
1132 1968 1242 2029 acrius
1273 1969 1364 2030 furor
1394 1969 1450 2030 1116
1479 1966 1645 2029 iudicialis
1671 1969 1783 2044 potuit

546 2078 655 2140 rideri.
674 2079 781 2155 Digna
800 2083 913 2141 autem
933 2084 1029 2142 erant
1043 2081 1221 2143 tribunalia
1232 2081 1485 2143 Atheniensium
1499 2096 1581 2156 quae
1593 2081 1783 2141 riderentur

548 2192 600 2252 vel
620 2192 721 2253 etiam
741 2192 828 2253 seria
840 2193 988 2255 oratione
1001 2194 1278 2270 vituperarentur.
1291 2194 1475 2255 Verborum
1488 2193 1577 2254 enim
1590 2193 1783 2269 praestigiis

549 2321 625 2365 cum
655 2321 730 2366 reos
760 2308 833 2366 tum
864 2309 1075 2368 accusatores
1102 2322 1214 2369 coram
1236 2307 1414 2383 iudicibus,
1439 2322 1579 2381 quorum
1604 2306 1782 2380 simplicis·

549 2418 627 2478 simi
659 2421 693 2478 et
723 2419 822 2479 rudes
849 2420 944 2479 erant
967 2420 1140 2495 permulti,
1161 2420 1248 2481 male
1272 2420 1394 2481 abusos
1417 2434 1491 2480 esse
1514 2434 1626 2496 saepe,
1651 2434 1719 2479 non
1745 2421 1782 2478 ut

551 2547 667 2591 verum
692 2531 979 2593 demonstraretur
1001 2531 1071 2592 illic
1094 2547 1229 2608 operam
1253 2533 1364 2593 datam
1391 2547 1466 2593 esse
1486 2532 1696 2606 praesertim,
1723 2530 1782 2590 sed

552 2647 588 2703 ut
617 2645 874 2719 persuaderetur
904 2645 1115 2706 audientibus
1145 2646 1299 2719 quicquid
1331 2661 1348 2705 6
1379 2661 1414 2705 16
1444 2644 1609 2718 loquentis
1633 2645 1724 2704 esset
1749 2644 1783 2702 et

550 2760 814 2818 commoveretur
848 2758 890 2818 iis
927 2759 1076 2828 animus,
1115 2757 1257 2819 artificia
1295 2759 1396 2833 igitur
1437 2758 1581 2818 oratoria
1614 2757 1782 2830 quaelibet

550 2872 665 2947 cupide
686 2887 761 2932 esse
774 2874 919 2949 arrepta,
940 2872 1077 2934 fallaces
1089 2872 1411 2947 argumentationes,
1432 2871 1619 2946 mendacia,
1639 2871 1784 2931 crimina

550 2986 647 3061 falsa,
680 2987 804 3064 minas,
834 2986 1032 3063 calumnias,
1058 2988 1135 3060 quid
1158 3003 1225 3049 non
1248 2988 1282 3048 in
1305 2986 1472 3047 6161161166
1496 2986 1683 3047 admissum
1706 3000 1782 3045 esse

550 3102 663 3173 spreta
682 3098 745 3160 flde
765 3103 799 3161 et
818 3102 930 3176 spreta
949 3101 1097 3161 iustitiae
1117 3116 1209 3176 cura,
1234 3115 1293 3160 eae
1315 3114 1398 3173 quae
1417 3099 1456 3159 ad
1477 3114 1539 3159 nos
1557 3100 1782 3173 pervenerunt

551 3213 716 3274 orationes
747 3214 865 3286 quavis
895 3214 963 3273 fere
995 3214 1116 3289 pagina
1145 3215 1323 3273 testantur.
1358 3212 1466 3272 Etiam
1495 3210 1781 3271 innocentissimis

551 3326 742 3386 mortalium
765 3328 850 3402 apud
873 3327 998 3387 iudices
1021 3327 1244 3387 Athenienses
1262 3341 1401 3386 causam
1420 3325 1591 3385 orantibus
1604 3323 1781 3383 verborum

508 3442 510 3451 ’
551 3440 626 3499 11166
657 3454 739 3513 opus
770 3442 856 3514 erat,
889 3442 923 3498 ni
953 3439 1078 3499 vellent
1110 3440 1275 3514 damnari,
1308 3442 1342 3499 et
1364 3438 1490 3499 ludicra
1512 3437 1571 3497 illa
1593 3438 1704 3511 imago
1727 3436 1782 3495 tri·

553 3551 722 3612 bunalium
761 3551 1031 3626 Atheniensium,
1067 3568 1166 3625 quam
1207 3551 1344 3627 praebet
1381 3551 1510 3626 Vespae
1548 3550 1674 3623 fabula,
1710 3548 1781 3609 veri

552 3668 713 3739 quantum
744 3666 865 3725 habeat
897 3666 951 3739 qui
983 3665 1080 3725 hodie
1110 3680 1224 3725 secum
1256 3665 1429 3741 perpendit
1459 3664 1500 3724 ab
1531 3663 1699 3724 Andocide
1726 3661 1782 3720 vel

552 3780 653 3854 Lysia
686 3794 816 3854 recens,
849 3779 908 3838 vix
938 3780 1050 3854 potest
1080 3779 1159 3852 quin
1194 3778 1319 3838 sentiat
1350 3792 1404 3838 res
1434 3793 1454 3838 6
1484 3780 1580 3852 poeta
1615 3776 1702 3835 haud
1733 3776 1783 3835 ita

553 3907 753 3968 magnopore
776 3892 935 3951 adauctas
960 3891 1011 3951 vel
1036 3892 1197 3952 distortas
1220 3907 1305 3952 6666.

598 4005 744 4080 Cognata
777 4005 878 4079 igitur
910 4004 987 4065 licet
1022 4005 1171 4065 Nubibus
1209 4006 1299 4065 esset
1329 4005 1457 4080 Vespae
1487 4003 1612 4079 fabula,
1649 4001 1782 4063 facilius
1852 4015 1853 4088 3

553 4135 652 4191 quam
682 4119 740 4179 illa
771 4134 790 4177 a
822 4118 919 4192 vulgo
949 4118 1172 4192 spectantium
1204 4118 1292 4178 iusto
1322 4118 1427 4193 pretio
1458 4117 1568 4192 potuit
1591 4116 1765 4176 aestimari
1775 4132 1782 4187 ;

554 4232 662 4305 magis
697 4234 810 4292 autem
846 4230 961 4290 statim
1004 4230 1181 4306 adspectus
1215 4230 1365 4304 placebat
1400 4245 1519 4290 senum
1555 4229 1782 4289 aculeatorum

554 4347 673 4405 chorus
696 4344 913 4420 perridiculus
939 4358 1039 4417 quam
1066 4343 1212 4403 Nubium
1236 4346 1370 4403 caterva
1393 4344 1504 4403 velata
1527 4344 1561 4403 61
1584 4341 1723 4414 decolor,
1749 4343 1783 4400 61
1852 4327 1853 4390 ἶ

554 4458 697 4533 plurima
728 4458 896 4519 oculorum
929 4456 1177 4517 oblectamenta
1199 4456 1341 4516 habebat
1365 4472 1483 4517 canum
1509 4456 1550 4515 lis
1573 4455 1631 4515 1116
1654 4453 1782 4514 facetis·
1852 4439 1853 4518 1

555 4572 651 4630 sima.
688 4571 725 4631 In
758 4568 855 4630 firmo
890 4585 1002 4630 rerum
1037 4569 1308 4643 quotidianarum
1344 4569 1413 4629 solo
1447 4569 1641 4629 felicissime
1676 4568 1783 4627 denuo
1852 4525 1853 4578 ¹

556 4685 709 4743 versatus
739 4685 811 4743 6161
839 4682 1098 4758 Aristophanes,
1130 4682 1209 4743 licet
1238 4698 1257 4741 6
1283 4681 1403 4742 Cleone
1431 4681 1662 4754 abstinuisset,
1695 4683 1783 4739 certe
1852 4625 1853 4720 1

555 4796 757 4857 abstinuisse
781 4811 818 4855 se
842 4796 1041 4871 perhiberet.
