4067 5950
685 773 728 819 DE
747 772 856 817 THTU
880 772 1036 821 sumno·

420 939 490 1028 κᾷθ’
519 943 576 1029 ὁρᾷ
597 943 651 1006 τὸν
675 943 775 1027 ἄνδρα
796 955 851 1025 τῆς
873 946 1018 1027 γυναικὸς
1042 944 1076 1007 ἐν
1099 948 1299 1030 βουλευτικῷ,

247 1074 290 1124 ill
420 1053 513 1122 οὗτοο
536 1056 575 1119 ilo
599 1060 692 1121 πάλιν
715 1055 784 1137 παρ’
810 1056 898 1139 ἡμῶν
922 1059 1104 1142 πτερυγίσας
1127 1058 1292 1138 ἀνέπτατο,

422 1169 484 1237 εἶτα
508 1174 638 1255 βινήσας
662 1172 782 1235 ἐκεῖθεν
805 1166 929 1247 αὖθις
961 1166 1009 1236 αὖ
1041 1172 1243 1248 καθέζετο.

245 1290 305 1350 Ubi
332 1306 400 1351 non
428 1290 540 1350 solum
573 1288 740 1350 tralaticio
776 1304 886 1351 errore
904 1284 927 1360 1)
956 1311 1065 1350 -κοοκο
1093 1306 1152 1367 pro
1184 1310 1286 1351 -πτετο
1317 1290 1481 1365 scriptum

247 1406 295 1465 est
323 1407 386 1481 ter,
419 1404 476 1464 sed
507 1405 681 1479 praeterea
704 1403 826 1464 vitiose
849 1406 882 1465 in
908 1420 959 1469 vs.
983 1406 1049 1466 796
1074 1404 1202 1465 dictum
1226 1406 1280 1466 esi
1302 1401 1482 1463 ἐκεῖθεν...

245 1515 393 1589 καθέζετο.
416 1518 468 1578 lbi
490 1519 627 1593 poetam
652 1518 784 1579 dedisse
807 1514 966 1578 κατέπτετο
994 1519 1103 1579 sensit
1122 1519 1286 1592 Meinelre;
1311 1519 1484 1593 praeterea

245 1632 276 1690 in
299 1646 436 1692 versum
462 1631 526 1693 792
550 1631 729 1707 recipiatur
752 1630 834 1693 illud
857 1629 1017 1709 καθέζετο,
1036 1633 1122 1706 quod
1140 1647 1192 1694 vs.
1215 1632 1279 1693 796
1299 1631 1480 1692 molestum

245 1747 325 1822 erat,
351 1745 398 1805 ibi
420 1761 500 1807 vero
523 1747 576 1806 est
599 1746 828 1820 aptissimum.

1505 1846 1515 1885 Ι

519 2073 576 2150 18)
595 2074 651 2135 De
672 2074 828 2135 turbato
848 2072 985 2135 ordine
1005 2090 1203 2135 versuum.

285 2296 383 2356 Locis
413 2311 497 2369 quos
527 2297 626 2357 modo
658 2295 832 2371 tetigimus
864 2296 1026 2357 vocabula
1056 2296 1221 2370 quaedam
1253 2295 1363 2355 locum
1394 2296 1481 2355 inter

247 2425 280 2469 se
313 2411 560 2484 permutarunt.
596 2410 702 2471 Multo
744 2410 854 2485 magis
889 2412 987 2472 nocet
1021 2411 1170 2487 ipsorum
1205 2423 1365 2470 versuum
1400 2408 1479 2469 ordo

247 2522 467 2596 perturbatus.
493 2522 584 2598 Quod
607 2537 714 2597 neque
740 2524 774 2583 in
797 2523 826 2582 V
849 2539 955 2598 neque
978 2525 1013 2583 in
1037 2524 1065 2584 R
1088 2524 1244 2598 frequens
1266 2527 1321 2585 est
1343 2522 1478 2599 vitium,

188 2647 189 2728 l
247 2636 329 2696 solet
363 2639 478 2698 autem
509 2651 609 2698 verus
643 2637 722 2699 ordo
756 2638 921 2698 eiusmodi
951 2638 1034 2699 locis
1064 2653 1084 2699 a
1114 2639 1298 2699 correctore
1329 2636 1478 2698 indicari.

248 2750 401 2810 Nonnulli
431 2752 547 2811 tamen
578 2765 699 2812 versus
729 2752 763 2811 in
795 2752 924 2813 cunctis
955 2751 1123 2813 codicibus
1153 2734 1367 2827 praepostere
1401 2753 1481 2811 sunt

247 2864 409 2941 collocati,
435 2866 623 2927 cuiusmodi
647 2881 775 2927 errores
798 2882 816 2927 e
839 2866 1009 2928 communi
1033 2866 1124 2927 fonte
1147 2864 1327 2926 finxerunt.

286 2980 362 3053 bys.
398 2981 621 3042 1272-1299
649 2982 897 3052 (ruso-1321)
922 2983 956 3042 et
981 2981 1201 3042 1300-1321
1229 2980 1477 3051 (1273-1294)

245 3093 354 3154 ordine
389 3094 524 3156 inverso
558 3097 591 3156 in
627 3094 656 3155 R
690 3097 875 3170 ceterisque
911 3095 1078 3156 codicibus
1113 3097 1192 3155 sunt
1224 3094 1377 3156 collocati
1385 3112 1393 3164 ;
1429 3093 1478 3153 sic

244 3208 354 3268 autem
385 3212 419 3268 eb
448 3205 525 3267 finis
554 3207 687 3269 fabulas
718 3208 872 3284 displicet
902 3209 984 3269 adeo
1015 3208 1177 3283 abruptus
1207 3209 1244 3268 ut
1275 3206 1399 3281 aliquid
1433 3206 1478 3268 ibi

245 3320 357 3381 deesse
387 3337 486 3383 nemo
509 3336 576 3383 non
600 3322 739 3399 sentiat,
765 3324 799 3383 et
822 3323 931 3397 magis
955 3323 1059 3383 etium
1082 3322 1168 3384 Laco
1192 3337 1318 3382 novum
1343 3336 1478 3382 carmen

243 3433 421 3497 instituens
451 3438 632 3511 postquam
663 3436 753 3498 abire
784 3439 963 3512 coeperunt
993 3436 1104 3497 cuncti
1127 3451 1147 3496 a
1169 3436 1360 3509 Lysistrata
1382 3436 1476 3496 iussi.

246 3548 363 3612 Versus
384 3552 485 3626 igitur
507 3552 625 3627 viginti
643 3553 707 3612 duo
728 3585 768 3596 -
789 3552 846 3627 qui
869 3546 1080 3626 archetypib
1104 3551 1261 3627 paginam
1282 3550 1477 3626 implevisse

246 3665 394 3726 videntur
417 3700 455 3707 —
484 3668 519 3728 in
543 3667 653 3728 locum
678 3667 825 3728 alienum
849 3666 1057 3728 aberrarunt.

285 3781 369 3842 Plut.
395 3783 458 3844 771
483 3797 554 3857 sqq.
578 3797 644 3844 non
667 3783 778 3842 minus
805 3785 942 3857 apertus
966 3783 1019 3842 est
1043 3796 1143 3843 error.
1167 3781 1253 3842 Nam
1276 3782 1355 3842 novi
1378 3783 1475 3841 actus

246 3897 347 3968 prima
366 3895 467 3957 rerba
485 3897 520 3957 in
538 3900 636 3958 textu
654 3897 780 3958 tradito
796 3897 879 3958 haec
899 3899 995 3959 sunt:
1016 3892 1080 3955 καὶ
1099 3904 1263 3974 προσκυνῶ
1282 3917 1330 3976 γε.
1349 3896 1474 3957 Versus

248 4007 417 4071 771-781
439 4012 516 4086 post
535 4027 585 4072 vs.
606 4011 672 4072 788
693 4011 773 4072 olim
793 4010 946 4072 collocati
963 4011 1069 4072 tuisse
1081 4010 1247 4087 videntur,
1261 4025 1350 4101 unus
1362 4013 1476 4071 autem

247 4121 282 4182 ad
303 4124 484 4185 minimum
507 4125 662 4186 trimeter
685 4125 906 4187 intercidisse.

287 4237 470 4313 Simplicior
490 4242 542 4300 est
562 4255 616 4300 res
637 4273 677 4283 -
698 4240 738 4300 de
758 4255 824 4300 υπο
843 4240 933 4300 enim
954 4255 1050 4300 versu
1072 4239 1185 4313 agitur
1207 4270 1248 4281 -
1267 4237 1351 4298 Plut.
1373 4236 1473 4298 805‘:

417 4351 496 4412 οὕτω
520 4352 552 4412 τὸ
576 4357 718 4412 πλουτεῖν
742 4350 822 4412 ἐστιν
844 4348 906 4430 ἡδὺ
930 4361 1053 4432 πρᾶγμα
1078 4351 1116 4428 δή
1131 4346 1163 4422 ³).

279 4605 286 4636 ¹
314 4611 351 4658 Oi.
368 4611 418 4658 sub
439 4613 491 4660 17.

277 4611 298 4752 ¹3
312 4691 367 4739 Non
389 4611 491 4750 patrem
516 4691 629 4740 dicimus
651 4694 749 4740 codicis
771 4695 802 4753 B,
825 4693 872 4739 esd
896 4695 1011 4753 priscum
1036 4692 1103 4739 illud
1125 4693 1268 4752 exemplar,
1289 4691 1358 4738 unde
1383 4705 1475 4738 omnes

248 4771 320 4816 nostri
336 4769 441 4817 codices
457 4771 597 4818 fluxerunt.

278 4842 297 4906 ⁸)
313 4849 408 4896 Melius
424 4850 485 4896 Ald.
504 4854 603 4913 πρᾶγμά
620 4866 650 4906 τι,
667 4851 747 4910 idque
764 4852 831 4910 legit
846 4851 996 4898 scholiasta.
