4067 5950
901 1759 977 1836 ΙΙΙ.
1003 1759 1071 1836 De
1094 1762 1238 1854 poeta
1260 1759 1381 1836 viro.

1045 2057 1236 2066 ψ..

1128 2279 1154 2342 Ι.

577 2488 637 2564 Qui
668 2504 782 2563 pacem
812 2489 868 2550 diu
898 2493 1066 2566 speratam
1097 2491 1202 2552 secuti
1231 2493 1311 2550 sunt
1337 2490 1421 2566 dies,
1445 2489 1534 2550 vitae
1556 2487 1767 2548 laetissimos

532 2603 608 2676 post
641 2602 817 2676 pueritiam
851 2617 909 2663 eos
943 2601 1058 2663 habuit
1092 2606 1200 2679 poeta.
1236 2603 1363 2663 Revera
1396 2601 1498 2677 igitur
1530 2601 1639 2661 hastis
1672 2600 1768 2658 vites

531 2712 645 2773 iulturi
679 2717 773 2774 erant
806 2714 969 2789 agricolae
1003 2718 1036 2775 et
1065 2715 1155 2777 tubis
1188 2731 1246 2790 pro
1281 2716 1489 2776 cottaborum
1520 2712 1766 2774 statuminibus

531 2827 639 2900 usuri;
663 2842 730 2901 pax
753 2826 841 2887 enirn
866 2831 950 2903 erat,
976 2843 1043 2903 pax
1065 2828 1170 2888 alma:
1190 2829 1359 2889 Niciarum
1378 2827 1593 2903 prudentibus
1613 2824 1767 2888 consiliis

531 2943 706 3014 superatus
730 2944 801 3002 erat
824 2940 913 3001 furor
933 2940 1103 3002 ciconum.
1126 2941 1196 3002 Non
1217 2944 1316 3018 caput
1335 2943 1480 3017 ingentis
1497 2939 1630 3016 imperii
1648 2938 1767 3000 lutura

530 3056 603 3113 erat
625 3054 878 3115 Atheniensium
904 3056 1039 3131 civitae,
1062 3058 1119 3115 sed
1143 3056 1295 3116 homines
1317 3056 1431 3116 felices
1453 3056 1559 3116 vitam
1582 3069 1659 3115 vere
1677 3054 1763 3113 vita·

529 3166 611 3243 lem,
636 3168 674 3226 ut
695 3167 789 3243 olim,
815 3166 882 3228 illic
906 3170 999 3228 erant
1021 3170 1234 3230 transacturi.
1267 3170 1376 3229 Miseri
1403 3169 1561 3244 Lacones,
1587 3168 1642 3241 qul
1665 3181 1763 3239 quar·

530 3281 603 3339 tum
626 3279 694 3339 iam
719 3295 844 3341 annum
868 3281 981 3355 procul
1005 3297 1025 3341 a
1047 3282 1155 3356 patria
1176 3282 1210 3342 in
1230 3283 1372 3344 vinculis
1390 3282 1602 3356 languebant,
1623 3279 1763 3339 domum

529 3391 666 3451 redituri
707 3394 801 3452 erant
835 3394 1027 3467 civibusque
1062 3395 1133 3455 suis
1167 3395 1304 3455 relaturi
1338 3409 1403 3455 non
1436 3395 1503 3454 iam
1538 3394 1652 3453 hostes
1685 3392 1763 3451 odio

529 3505 732 3565 internecivo
763 3506 939 3568 instinctos
961 3508 1073 3567 vivere
1102 3508 1256 3584 Athenis,
1288 3509 1346 3569 sed
1373 3508 1494 3567 iratres
1517 3505 1762 3581 Spartiatarum

530 3620 564 3677 et
594 3618 710 3678 socios.

576 3732 756 3792 sociosne?
786 3734 837 3793 Ita
868 3736 964 3795 sanet
998 3735 1034 3795 Id
1058 3750 1187 3808 quoqne
1210 3735 1242 3794 in
1266 3733 1432 3794 satisfuit
1456 3736 1492 3793 ut
1514 3745 1630 3807 pacem
1653 3729 1763 3804 proxi·

532 3860 624 3905 mum
655 3845 884 3919 insequeretur
908 3847 1023 3907 foedus
1046 3848 1086 3907 ab
1111 3848 1368 3908 Atheniensibus
1392 3861 1467 3907 cum
1491 3841 1762 3905 Lacedaemoniis

530 3957 663 4017 initum.
687 3956 830 4018 Liberati
853 3964 933 4020 eunt
957 3961 1082 4021 milites
1106 3962 1295 4035 captivi...

575 4070 616 4130 Et
649 4074 729 4132 tnnc
743 4116 750 4131 .
766 4116 795 4132 ..
820 4072 897 4145 quid
932 4075 1037 4134 tunc?
1072 4074 1215 4149 Spumae
1245 4076 1325 4133 tunc
1355 4071 1457 4147 bulla,
1489 4085 1572 4145 quae
1596 4068 1760 4130 coloribus

529 4186 723 4246 laetissimis
754 4186 959 4264 splendebat,
992 4188 1141 4263 disrupta
1170 4188 1210 4248 ad
1235 4186 1317 4247 nihil
1341 4186 1439 4247 rediit
1463 4187 1495 4247 et
1519 4182 1619 4244 tinem
1643 4181 1761 4242 habuit

531 4304 648 4372 poetae
671 4299 839 4361 inventus.

574 4411 700 4486 Nempe
734 4412 895 4491 fabulam,
933 4418 970 4475 ut
999 4418 1033 4476 in
1065 4418 1214 4492 theatro,
1246 4416 1310 4475 sibi
1340 4431 1413 4476 esse
1440 4416 1625 4487 narratam,
1657 4411 1760 4471 nimis

532 4526 596 4586 cito
626 4541 761 4586 sensere
792 4527 919 4605 Graeci,
951 4545 1057 4603 neque
1089 4532 1196 4604 ipsam
1220 4531 1315 4590 Pacis
1337 4530 1442 4589 Deam
1465 4529 1523 4588 sed
1545 4527 1679 4586 inanem
1703 4523 1757 4585 ali-

531 4654 630 4714 quam
665 4640 737 4700 eius
771 4641 952 4715 imaginem
987 4643 1027 4702 ab
1060 4644 1213 4717 agricolis
1243 4644 1365 4703 Atticis
1393 4643 1428 4701 in
1458 4642 1567 4701 lucem
1591 4654 1665 4700 esse
1689 4655 1756 4715 pro·

529 4756 683 4813 tractam.
705 4752 855 4827 Optimas
870 4756 1015 4829 protecto
1027 4760 1196 4831 pactiones
1210 4756 1468 4831 prudentissime
1480 4755 1758 4815 concinnaverant
