4067 5950
566 803 616 866 98·
1089 821 1130 868 nn
1154 819 1279 869 souma

565 997 681 1054 turum
716 994 973 1055 Atheniensium
1015 994 1120 1056 nihilo
1153 995 1317 1056 minorem
1352 1009 1454 1068 quam
1488 989 1784 1068 Peloponnesiorum

567 1121 643 1167 esse
673 1105 820 1184 culpam,
844 1108 1038 1183 priusquam
1061 1109 1190 1170 dicendi
1211 1110 1336 1171 iaceret
1359 1108 1492 1169 initium
1516 1107 1549 1167 in
1573 1106 1694 1168 ultimo
1716 1103 1785 1177 peri-

568 1219 643 1280 oulo
668 1254 709 1264 -
733 1235 813 1282 nam
836 1221 974 1282 aderant
996 1223 1124 1283 caudex
1147 1224 1181 1283 et
1204 1222 1347 1299 securis,
1371 1225 1405 1283 et
1428 1221 1462 1281 ni
1487 1222 1632 1283 vinceret
1655 1217 1787 1280 instabat

569 1349 661 1395 mors
693 1367 733 1377 —
765 1333 906 1409 supplex
939 1335 1021 1395 adiit
1053 1334 1253 1411 Euripidem.
1289 1334 1490 1410 Requirebat
1523 1334 1673 1396 habitum
1704 1331 1786 1390 mise·

568 1446 723 1523 rabilem,
763 1462 827 1521 quo
867 1446 1013 1508 molliret
1053 1449 1258 1510 audientium
1297 1448 1463 1525 animum,
1499 1448 1529 1509 si
1563 1447 1648 1510 forte
1683 1458 1786 1520 parum

568 1562 721 1623 valerent
750 1561 825 1622 eius
847 1561 957 1622 verba.
986 1561 1123 1638 Qualem
1154 1564 1290 1625 ubinam
1314 1564 1494 1639 inveniret,
1518 1562 1585 1622 nisi
1606 1561 1691 1622 torte
1714 1555 1786 1631 apud

570 1673 761 1749 Euripidem
791 1677 941 1750 poetaml
972 1675 1070 1738 Hune
1099 1680 1189 1738 certe
1212 1678 1413 1739 meminerat
1435 1676 1589 1736 inducere
1612 1673 1787 1735 mendicum

569 1789 736 1863 quendam
759 1788 845 1849 mire
868 1788 1024 1850 callidum
1048 1793 1082 1852 et
1104 1791 1232 1852 cunetis
1254 1791 1350 1852 facile
1372 1789 1643 1865 persuadentem.
1673 1786 1787 1846 Nomen

570 1902 718 1963 bominis
747 1917 815 1962 non
844 1902 912 1964 iam
943 1904 1092 1981 tenebat,
1118 1919 1197 1965 nam
1222 1905 1280 1965 vix
1303 1905 1480 1979 quicquam
1503 1901 1706 1964 discriminis
1727 1901 1788 1958 erat

570 2017 658 2077 inter
680 2015 845 2091 Euripidis
868 2016 943 2077 illos
962 2018 1081 2079 heroas
1101 2034 1240 2093 egenos;
1265 2020 1324 2081 sed
1342 2019 1374 2079 id
1398 2019 1529 2094 quidem
1554 2018 1639 2078 satis
1658 2013 1784 2084 sciebat,

570 2130 679 2204 magis
697 2129 887 2203 squalidum
907 2129 1106 2193 nebulonem
1125 2148 1226 2206 quam
1246 2133 1339 2194 illum
1360 2148 1459 2207 quem
1472 2132 1608 2194 volebat
1622 2133 1654 2190 in
1667 2129 1785 2190 theatro

570 2242 702 2304 nullum
724 2243 920 2317 adspectum
943 2259 1018 2305 esse
1042 2260 1200 2320 unquam·

614 2356 778 2431 Euripidis
801 2356 902 2431 igitur
924 2357 1060 2417 domum
1083 2358 1287 2434 Dicaeopolis
1310 2361 1411 2434 petit:

774 2495 887 2571 „Nunc
910 2511 987 2570 ergo
1010 2511 1092 2572 opus
1115 2497 1197 2556 mihi
1220 2498 1432 2559 monteforti
1455 2499 1490 2558 et
1512 2500 1665 2573 strenua,

777 2608 1030 2685 „Euripidesque
1054 2609 1120 2669 iam
1144 2611 1315 2684 petendus.
1342 2645 1381 2654 -
1407 2611 1499 2672 Heus
1521 2627 1615 2687 puer,

778 2723 899 2799 „Pueri

1134 2852 1230 2898 snus.

917 2925 995 3003 Quis
1018 2926 1108 2987 iste?

1071 3082 1290 3129 nronnoronrs.

1126 3180 1277 3257 Intusne,
1302 3181 1368 3257 dic,
1392 3182 1590 3257 Euripides?

1135 3332 1230 3379 snus.

659 3444 662 3451 ·
706 3483 709 3489 ,
772 3427 888 3503 „Intus
910 3442 970 3488 nec
992 3429 1083 3489 intus
1107 3429 1178 3505 ille,
1206 3466 1246 3475 -
1270 3434 1298 3492 si
1322 3436 1411 3495 recte
1434 3436 1537 3509 sapis.

1069 3581 1290 3630 nrosnoronrs.

773 3677 901 3752 „Intus
927 3693 986 3738 nec
1009 3679 1115 3756 intus,
1139 3682 1195 3754 qul
1218 3686 1351 3758 potest?

1131 3844 1227 3891 rura.

1342 3922 1443 3999 Vere,
1468 3940 1593 3988 senex:

774 4026 885 4101 „liene
909 4027 986 4087 hinc
1010 4028 1104 4089 abest
1127 4030 1271 4105 forisque
1294 4036 1477 4096 versiculos
1501 4037 1600 4115 legit,

775 4138 838 4212 „At
861 4138 952 4198 intus
975 4140 1102 4215 ipsein
1126 4143 1260 4204 aedibus
1283 4150 1427 4209 summis
1451 4152 1552 4211 struit

775 4249 1003 4324 „Tragoedias

1070 4381 1289 4431 proauororns

1005 4479 1031 4540 Ο
1054 4480 1105 4539 ter
1127 4480 1221 4543 beate
1243 4484 1435 4565 Euripides,

776 4586 895 4662 „Cuius
918 4590 1072 4650 minister
1094 4592 1209 4654 doctus
1232 4596 1349 4659 histrio
1373 4602 1517 4663 simull”

617 4737 680 4798 Sed
717 4738 852 4796 vocatus
886 4737 1054 4813 Euripides
1085 4755 1148 4801 non
1182 4743 1365 4825 descendit,
1400 4766 1467 4811 non
1502 4755 1593 4815 enim
1630 4758 1725 4818 vacat
1755 4752 1782 4811 in

570 4851 705 4913 aedium
743 4848 965 4922 penetralibus
1002 4864 1125 4913 novum
1164 4854 1278 4918 drama
1316 4861 1516 4941 elaboranti3
1556 4868 1648 4930 foras
1682 4874 1781 4931 tamen
