4067 5950
612 1743 667 1821 11.
693 1744 1131 1824 Grammaticorum
1154 1748 1387 1843 excerpta
1409 1746 1470 1824 de
1494 1747 1750 1826 comoedia
1847 1692 1848 1721 ἶ

1085 2022 1280 2035 ⁸——

1157 2215 1214 2293 A.

892 2404 954 2465 Ex
974 2404 1251 2481 Aristophanis
1272 2404 1400 2465 codiee
1424 2404 1472 2466 V.

610 2588 721 2651 Codex
743 2590 772 2649 V
795 2590 922 2665 primae
945 2589 1078 2651 fabulae
1101 2590 1198 2651 Pluto
1221 2591 1406 2666 praemissa
1430 2590 1512 2651 haee
1534 2589 1650 2651 habet:

611 2703 724 2764 Vitam
748 2703 806 2779 (Β),
830 2704 870 2765 de
894 2703 992 2765 choro
1016 2706 1051 2765 et
1072 2703 1240 2765 actoribus
1258 2704 1436 2782 quaedam,
1456 2704 1545 2765 Pluti
1563 2704 1784 2778 argumentum

568 2815 690 2892 duplex
724 2818 758 2878 et
791 2816 1020 2894 didascaliam,
1056 2818 1263 2894 epigramma
1295 2818 1329 2879 in
1359 2816 1527 2879 tumulum
1556 2819 1684 2892 poetae.
1714 2812 1783 2875 Dein

566 2930 661 2991 initio
694 2929 833 3006 paginae
867 2933 1004 3006 quartae
1040 2933 1146 2994 vitam
1180 2931 1366 2995 breviorem
1401 2932 1452 3004 (A)
1488 2934 1521 2993 et
1554 2931 1594 2994 de
1628 2926 1784 2992 comoedia

567 3046 724 3120 excerpta
746 3045 930 3129 complura,
953 3048 1090 3108 tandem
1114 3046 1202 3107 Pluti
1225 3047 1462 3122 argumentum
1485 3045 1673 3107 metricum.

611 3157 637 3218 Ε
670 3159 798 3220 duobus
830 3158 932 3235 igitur
966 3161 1135 3222 oodioibue
1164 3157 1264 3221 ducta
1293 3160 1377 3220 haec
1408 3160 1441 3219 et
1464 3159 1498 3220 in
1520 3159 1639 3220 Veneti
1661 3153 1783 3218 exordio

566 3273 721 3348 deinceps
739 3273 921 3350 perscripta
939 3289 1013 3336 eene
1039 3277 1132 3350 patet
1150 3269 1183 3351 ¹),
1207 3288 1347 3348 quorum
1371 3273 1456 3335 alter
1478 3287 1518 3334 ea
1538 3272 1692 3334 habuerit
1711 3283 1783 3345 quae

566 3387 722 3461 legrmtur
750 3387 784 3447 in
814 3387 921 3449 tribue
951 3389 1084 3465 paginis
1114 3387 1232 3464 primia
1258 3387 1377 3448 Veneti
1400 3387 1467 3458 (fol.
1491 3386 1536 3464 ir,
1560 3386 1608 3462 iv,
1632 3387 1689 3462 8¹),
1714 3383 1785 3445 alter

566 3501 706 3575 quaein
729 3504 849 3575 quarta
872 3506 906 3564 et
928 3504 1045 3578 quinta
1068 3504 1118 3572 (gv
1140 3504 1173 3564 et
1197 3505 1254 3573 4¹).

612 3616 827 3677 Exoudantur
847 3615 915 3676 iam
939 3630 1022 3689 quae
1042 3619 1173 3691 praeter
1191 3616 1280 3676 vitae
1298 3620 1330 3676 et
1350 3614 1439 3674 Pluti
1460 3615 1655 3689 argumenta
1673 3609 1785 3672 habent

566 3732 684 3794 Veneti
708 3731 829 3792 codicia
851 3731 958 3806 prima
980 3731 1074 3809 folia,
1097 3733 1131 3792 et
1150 3747 1188 3792 eo
1213 3731 1345 3804 quidem
1368 3729 1482 3791 ordine
1505 3728 1711 3789 excuduntur
1731 3737 1783 3800 quo

567 3849 686 3908 extant
707 3846 787 3907 illic.

609 4068 626 4132 ὁ
655 4070 786 4148 κωμικὸς
815 4070 903 4151 χορὸς
934 4069 1118 4151 συνέστηκεν
1148 4069 1178 4145 ἐξ
1202 4070 1324 4148 ἀνδρῶν
1347 4070 1407 4133 κδ’.
1431 4068 1483 4131 καὶ
1497 4064 1521 4142 ²)
1543 4069 1569 4130 εἰ
1592 4065 1647 4147 μὲν
1671 4067 1711 4142 ὡς
1732 4061 1782 4126 ἀπὸ

566 4192 619 4261 τῆς
647 4183 761 4256 πόλεως
792 4181 896 4264 ἤρχετο
929 4181 979 4245 ἐπὶ
1011 4185 1044 4248 τὸ
1067 4184 1209 4266 θέατρον,
1232 4185 1283 4246 διὰ
1306 4193 1358 4263 τῆς
1381 4183 1536 4264 ἀριστερᾶς
1560 4179 1672 4261 ἁψῖδος
1695 4176 1784 4263 εἰσῄει,

565 4297 593 4358 εἰ
623 4293 656 4357 δὲ
687 4295 727 4369 ὣς
757 4295 819 4358 ἀπὸ
841 4296 948 4379 ἀγροῦ,
972 4298 1023 4359 διὰ
1045 4308 1099 4378 τῆς
1123 4300 1236 4378 δεξιᾶς,
1259 4296 1292 4359 ἐν
1319 4297 1493 4385 τετραγώνῳ
1521 4297 1649 4377 σχήματι
1669 4294 1782 4373 ἀφορῶν

598 4505 618 4567 ¹)
636 4506 679 4556 sto
702 4509 866 4557 Studemund
891 4513 918 4558 et
939 4510 1046 4558 Zaoher.
1069 4511 1189 4558 Etiamne
1214 4524 1229 4558 ο
1254 4507 1332 4557 tertio
1355 4509 1426 4557 fonte
1454 4506 1553 4566 aliquid
1578 4505 1652 4552 duxit
1673 4500 1782 4552 librarios
1844 4511 1845 4572 ρ

565 4588 663 4634 oodioie
678 4589 716 4635 vt
731 4589 813 4636 Alteri
827 4593 981 4649 argumento
996 4602 1074 4650 prosa
1089 4588 1206 4637 oratione
1221 4589 1366 4648 oompoeito
1381 4586 1567 4647 euperem-ipsit
1581 4586 1653 4631 oerte
1665 4597 1711 4630 —t
1724 4579 1782 4640 atre

566 4704 614 4771 οὔ)
631 4708 657 4754 τὸ
677 4712 801 4771 προοίμιον
817 4677 831 4755 ξ
847 4672 923 4773 28¹1:
941 4735 973 4744 -
991 4723 1060 4768 quae
1083 4711 1121 4757 aio
1144 4708 1255 4767 legenda
1271 4708 1407 4757 videntur:
1425 4711 1449 4754 1ο
1462 4707 1532 4770 eripe
1549 4707 1610 4752 οὕτω
1626 4705 1654 4751 τὸ
1670 4706 1782 4768 Quotam

581 4796 607 4848 ἦς
626 4788 769 4843 ὑποθέσιος,
786 4789 833 4836 aed
849 4791 961 4838 romae
979 4791 1091 4850 repetita
1108 4793 1170 4836 eunt
1187 4803 1219 4836 ex
1236 4785 1383 4848 exemplari
1399 4789 1470 4845 quod
1486 4783 1647 4844 aequabatur
1663 4778 1782 4830 librarius.

601 4867 624 4929 ²)
639 4870 780 4928 Sequentia
798 4871 999 4918 oommentariue
1015 4867 1128 4930 amplior
1144 4869 1226 4917 habet
1242 4871 1268 4916 in
1286 4871 1299 4926 S
1317 4870 1349 4916 8⁰
1368 4870 1395 4915 et
1412 4867 1443 4914 31
1461 4865 1530 4912 iufra
1547 4877 1607 4925 pag.
1625 4865 1683 4911 200.
