4067 5950
712 783 792 827 1111
815 783 855 828 rr
879 781 1059 836 01111110.Ι
1454 769 1497 828 93

311 951 521 1027 Quamquam
550 951 782 1014 difficillimum
814 956 866 1014 est
895 954 930 1013 in
961 953 1099 1014 consilio
1130 955 1294 1029 perstaret
1320 954 1405 1014 Nam
1430 969 1497 1013 ma·

259 1065 348 1125 ritos
379 1068 412 1126 et
442 1068 559 1127 domos
589 1066 692 1127 nihilo
723 1067 833 1127 secius
864 1066 1055 1128 desiderant
1077 1082 1178 1142 quam
1201 1067 1250 1127 illi
1272 1067 1359 1128 illas.
1383 1067 1498 1128 Fidem

257 1180 378 1240 tamen
401 1181 546 1240 iuratam
569 1185 604 1241 et
627 1180 836 1240 concordiam
859 1179 981 1241 melius
1004 1183 1143 1241 servant
1166 1195 1266 1255 quam
1288 1181 1359 1242 viri.
1383 1181 1498 1255 Itaque

261 1307 306 1351 ea
341 1308 470 1367 quoque
504 1294 622 1368 mater,
656 1294 709 1353 cui
740 1308 761 1353 a
791 1294 931 1369 coniuge
962 1293 1093 1354 consilii
1116 1293 1214 1370 inope
1237 1293 1368 1355 eminus
1391 1295 1496 1355 osten·

259 1400 357 1467 tatur
398 1406 585 1468 infantulus
625 1405 775 1466 lacrimis
821 1406 984 1483 suffusus,
1028 1407 1193 1476 esuriens.
1234 1408 1388 1482 quintum
1430 1408 1498 1468 lam

262 1521 356 1582 diem
386 1520 511 1596 illotus,
542 1521 609 1581 etsi
639 1520 698 1580 vix
729 1536 765 1581 se
797 1521 928 1582 cohibet
951 1521 1130 1596 quominus
1159 1521 1238 1582 illuc
1268 1521 1432 1598 provolat,
1464 1523 1498 1583 in

261 1633 329 1694 fide
360 1637 473 1696 tamen
501 1638 685 1710 permanet.
717 1633 845 1694 Iuravit
868 1648 974 1708 neque
997 1633 1061 1695 viri
1084 1649 1189 1708 neque
1213 1649 1325 1696 rerum
1347 1635 1498 1696 domesti-

263 1762 382 1807 carum
407 1748 570 1809 rationem
595 1748 699 1808 ullam
723 1747 815 1824 prius
842 1762 878 1808 se
908 1748 1098 1808 habituram
1122 1763 1223 1822 quam
1246 1749 1331 1809 inita
1354 1749 1399 1809 sit
1421 1765 1497 1825 pax.

262 1861 366 1921 Domi
392 1861 503 1924 lanam
535 1877 555 1922 a
585 1860 718 1936 gallinis
749 1861 845 1935 diripi
876 1862 981 1937 audit,
998 1906 1005 1922 .
1020 1905 1028 1922 .
1044 1907 1050 1922 .
1064 1861 1099 1922 ni
1121 1877 1189 1937 pax
1211 1860 1270 1922 flat
1293 1862 1443 1938 diripltor
1467 1865 1499 1924 et

264 1989 345 2034 cum
370 1975 443 2050 ipsa
465 1975 573 2052 patria
597 1976 711 2049 pereat
735 1975 844 2050 ipsius
865 1989 920 2035 res
943 1974 1134 2036 familiaris!

312 2088 385 2150 Non
412 2091 525 2150 tamen
556 2089 597 2149 ad
625 2088 783 2148 ultimum
807 2088 950 2149 exitium
975 2091 1028 2150 est
1050 2091 1258 2164 perventum.
1279 2090 1362 2150 Nam
1387 2090 1500 2167 paucis

266 2201 386 2263 diebus
417 2203 493 2276 post
524 2200 785 2262 coniurationem
817 2201 1055 2262 amulieribus
1083 2201 1202 2263 initam
1231 2203 1348 2264 fortior
1370 2205 1501 2286 generis

266 2316 410 2376 humani
444 2330 521 2390 pars
555 2315 642 2375 cedit
676 2313 836 2375 debiliori.
871 2305 985 2374 Victos
1020 2329 1057 2375 se
1091 2315 1244 2375 sentiunt
1277 2315 1354 2391 riri,
1393 2332 1499 2392 neque

265 2429 359 2489 enim
391 2428 569 2504 Spartiatis
598 2441 705 2502 neque
729 2426 911 2489 Corinthiis
934 2443 1041 2503 neque
1064 2427 1229 2488 Thebanis
1252 2444 1357 2504 neque
1381 2431 1500 2492 ceteris

265 2543 405 2604 Graecis
441 2542 555 2602 vitalis
586 2542 638 2602 est
669 2541 753 2618 vita,
785 2544 961 2617 postquam
993 2541 1172 2602 divortium
1204 2543 1310 2604 iecere
1333 2544 1498 2606 mulieres.

264 2658 413 2733 Legatos
447 2657 549 2732 igitur
582 2655 622 2716 de
657 2671 737 2732 paee
772 2656 929 2733 mittunt,
965 2656 1064 2716 inviti
1100 2657 1233 2730 quidem
1273 2672 1333 2719 nec
1368 2659 1433 2718 nisi
1466 2658 1501 2717 ri

264 2771 388 2845 coacti,
412 2770 471 2831 sed
495 2770 639 2831 mittunt
661 2772 774 2831 tamen
798 2771 839 2830 ad
862 2768 1122 2831 Pacifleatricem
1146 2770 1394 2831 coniuratarum
1414 2771 1498 2846 prin·

264 2884 391 2960 cipem,
423 2884 598 2945 mulierem
622 2885 819 2960 prudentem
844 2886 878 2944 et
900 2885 1127 2957 constantem;
1152 2898 1235 2958 quae
1259 2900 1370 2945 rerum
1394 2885 1500 2960 potita

264 3001 321 3059 est
355 3013 422 3059 non
454 2998 517 3057 sibi
548 2998 739 3073 consulens,
772 3000 809 3057 ut
840 2997 897 3058 alii
919 2998 1071 3075 tyranni,
1096 2998 1153 3058 sed
1177 3013 1240 3072 quo
1264 2998 1432 3060 Graeciam
1459 2998 1499 3059 ab

264 3113 407 3172 interitu
427 3114 589 3173 servaret.
614 3110 704 3171 Haec
727 3126 769 3171 ex
789 3125 864 3171 arce
887 3110 1049 3186 procedit,
1075 3110 1165 3171 viros
1186 3110 1392 3185 tardeatque
1405 3112 1498 3188 pede·

263 3226 387 3286 tentim
419 3225 614 3286 accedentes
645 3239 749 3285 manu
779 3224 970 3301 prehendit,
1003 3240 1106 3285 unum
1140 3225 1174 3284 in
1204 3224 1314 3285 locum
1339 3226 1500 3285 adductos

264 3340 325 3413 qui
355 3339 468 3401 hostes
497 3339 625 3400 tamdiu
657 3340 746 3399 inter
768 3353 805 3399 se
829 3338 1033 3399 obstiterunt
1057 3340 1144 3399 inter
1166 3354 1202 3399 se
1227 3338 1375 3399 contueri
1398 3338 1498 3398 iubet.

266 3452 507 3528 ,Mementote
538 3452 773 3528 Athenienses,
803 3451 975 3527 pulsorum
999 3449 1076 3511 olim
1103 3466 1123 3511 a
1146 3450 1324 3525 Spartiatis
1347 3451 1499 3510 Pisistra-

267 3564 454 3639 ,tidaruml
491 3564 598 3626 Nolite
634 3564 799 3639 oblivisci,
831 3565 1030 3641 Spartiatae,
1064 3563 1180 3625 auxilii
1202 3578 1222 3624 a
1245 3563 1382 3625 (timone
1405 3562 1498 3623 vobis

267 3677 352 3752 ¹‚lati
371 3679 532 3740 adversus
552 3679 683 3740 helotas
703 3678 895 3740 seditiosos!
920 3678 1152 3740 Recordamini
1170 3691 1356 3754 pugnarum
1381 3674 1498 3750 quibus

267 3805 358 3865 ,una
388 3791 570 3865 eademque
599 3792 633 3850 in
658 3791 727 3851 acie
750 3790 903 3851 collocati
925 3791 1162 3867 profligavistis
1185 3790 1357 3851 barbaros!
1383 3789 1497 3849 Recor·
1617 3783 1620 3789 '

267 3904 418 3980 ,damini
436 3920 607 3965 sacrorum
628 3906 662 3964 et
672 3893 885 3964 sollemnium
898 3892 1126 3965 communium
1139 3903 1324 3979 Olympiae,
1348 3901 1497 3976 Delphis,

266 4016 347 4092 ,ubi
377 4033 442 4078 non
473 4018 627 4078 concordi
658 4017 769 4077 animo
802 4017 1000 4090 saepissime
1024 4016 1282 4079 celebratorum!
1307 4016 1381 4075 Una
1403 4014 1498 4075 vobis

266 4131 414 4206 ,patria;
438 4132 561 4191 nonin
586 4131 724 4192 Graecia
746 4130 804 4191 sed
829 4132 926 4190 extra
950 4130 1105 4192 Graeciae
1129 4128 1212 4190 fines
1235 4133 1313 4189 sunt
1336 4130 1490 4189 hostesi”

312 4243 366 4303 Sic
385 4243 488 4304 affata
506 4243 572 4303 leni
591 4242 739 4317 impulsu
759 4244 848 4319 cogit
866 4244 970 4303 etiam
983 4243 1179 4320 renitentes,
1195 4245 1227 4303 et
1242 4276 1282 4286 -
1297 4243 1433 4305 mirum!
1457 4276 1496 4285 —

264 4356 395 4416 dextris
426 4356 476 4417 illi
507 4356 633 4417 iunctis
664 4356 808 4431 priscam
840 4356 1026 4417 amicitiam
1049 4358 1223 4417 renovant.
1248 4356 1371 4431 Ingens
1394 4356 1499 4416 iratri-

265 4472 329 4529 bus
352 4469 439 4530 inter
462 4484 500 4530 se
522 4469 745 4531 reconciliatis
768 4470 801 4529 in
825 4484 900 4530 arce
923 4485 943 4530 a
969 4470 1105 4530 leminis
1128 4470 1269 4529 struitur
1292 4468 1498 4543 convivium,

264 4583 343 4643 dein
366 4598 483 4644 omnes
505 4583 623 4645 domos
644 4598 725 4644 suas
750 4598 825 4643 cum
849 4582 1009 4644 uxoribus
1033 4584 1113 4644 laeti
1136 4582 1285 4644 redeunt.

312 4695 367 4755 Sic
397 4697 469 4755 arte
501 4710 578 4756 vere
608 4695 755 4757 feminea
784 4694 990 4756 Pacificatrix
1021 4695 1099 4757 belli
1130 4695 1327 4756 internecivi
1351 4696 1384 4755 et
1405 4696 1499 4772 impii

264 4806 367 4867 finem
399 4806 492 4883 iecit,
524 4810 557 4869 et
587 4822 623 4868 re
649 4806 802 4883 probavit
825 4823 886 4869 suo
909 4822 945 4869 se
969 4808 1040 4869 iure
1063 4808 1258 4882 gloriatam:
1285 4807 1354 4883 ,Ad
1378 4808 1495 4869 discor-
