4067 5950
572 758 636 818 266
1010 776 1053 821 nn
1076 773 1185 820 raxru
1207 774 1361 822 susurro.

571 948 726 1023 chorique
764 948 914 1024 nomina,
950 947 1018 1009 alia
1053 946 1216 1007 eiusmodi
1250 946 1457 1022 praeberent.
1494 948 1528 1008 Si
1562 948 1656 1024 iecit,
1688 950 1775 1011 solnta

572 1062 686 1136 utique
719 1062 869 1124 oratione
898 1063 952 1123 est
982 1076 1080 1134 usus;
1111 1074 1188 1120 nam
1220 1064 1421 1135 argumenta
1444 1062 1599 1139 metrica,
1624 1078 1703 1137 quae
1723 1064 1776 1124 eius

569 1190 691 1237 nomen
722 1176 950 1237 ementiuntur
975 1170 1007 1250 ¹),
1040 1173 1158 1235 multis
1190 1173 1334 1235 saeculis
1356 1176 1436 1235 sunt
1466 1178 1652 1237 recentiora
1674 1180 1703 1237 et
1722 1182 1776 1239 toto

568 1290 660 1353 caelo
683 1290 810 1351 distant
833 1305 853 1351 a
876 1289 1089 1366 grammatici
1113 1289 1240 1350 vetusti
1268 1289 1366 1350 docta
1388 1289 1564 1351 brevitate.

614 1542 688 1605 Uno
718 1543 786 1604 iere
816 1542 892 1619 post
914 1540 1087 1604 Christum
1111 1543 1229 1603 natum
1253 1541 1401 1618 saeculo,
1428 1542 1545 1603 eadem
1569 1543 1670 1617 igitur
1690 1545 1779 1603 aetate

568 1671 635 1731 qua
657 1656 697 1719 de
721 1656 921 1719 dolometria
943 1657 1079 1731 scripsit
1097 1655 1309 1732 Heliodorus,
1332 1656 1450 1717 comici
1470 1656 1648 1717 editionem
1667 1657 1780 1717 scholiis

569 1770 809 1845 marginalibus
839 1770 1016 1831 adornavit
1040 1769 1264 1845 Symmachus
1288 1770 1546 1846 grammaticus,
1571 1785 1646 1832 cum
1669 1769 1781 1843 Didymi

569 1884 821 1945 commentariis
852 1898 935 1945 usus
965 1882 1120 1959 prolixis,
1153 1884 1225 1943 tum
1257 1881 1350 1943 libris
1380 1883 1605 1957 antiquiorum
1632 1883 1779 1957 multoque

568 1997 819 2074 prudentiorum
842 1998 1064 2072 interpretum
1088 1995 1402 2058 Alexandrinorum.
1422 1996 1472 2057 Ex
1491 1997 1684 2068 Symmachi
1700 2012 1779 2071 opera

568 2110 695 2172 iluxere
718 2110 846 2171 scholia
864 2125 947 2184 quae
968 2109 1008 2169 ad
1032 2124 1094 2169 nos
1117 2111 1354 2185 pervenerunt,
1380 2111 1520 2171 minime
1537 2113 1652 2173 tamen
1672 2112 1780 2170 intacta
1840 2091 1843 2100 ’

568 2225 808 2301 pervenerunt3
829 2224 924 2284 cuius
944 2223 1058 2283 damni
1077 2238 1180 2284 causa
1199 2224 1319 2298 partim
1335 2223 1400 2284 fuit
1411 2223 1623 2286 librariorum
1637 2223 1778 2298 socordia,
1842 2268 1843 2299 2

567 2340 692 2415 partim
726 2339 900 2414 angustiae
934 2337 1206 2399 membranarum
1242 2340 1370 2413 priscae
1399 2339 1595 2399 eruditionis
1625 2339 1779 2401 thesauros
1842 2308 1843 2333 ἢ

568 2467 634 2514 uon
665 2451 885 2528 capientium,
916 2452 1040 2527 partim
1072 2452 1230 2526 segnities
1261 2451 1541 2528 magistellorum,
1567 2454 1622 2526 qui
1645 2454 1677 2512 in
1697 2466 1779 2512 usum
1842 2494 1843 2511 a

569 2566 810 2642 discipulorum
834 2581 876 2627 ex
900 2566 1019 2642 priscis
1045 2566 1298 2627 commentariis
1322 2580 1362 2626 ea
1384 2565 1456 2627 sola
1479 2570 1694 2641 excerperent
1715 2580 1781 2639 quae

568 2680 608 2742 ad
632 2682 750 2755 poetae
774 2678 875 2740 verba
897 2678 1121 2753 intellegenda
1139 2678 1290 2739 sufficere
1308 2678 1508 2739 viderentur.
1529 2678 1778 2739 Admixtaesunt

569 2792 821 2854 observationes
854 2793 1014 2853 metricae
1046 2806 1088 2852 ex
1119 2806 1216 2867 opere
1247 2791 1428 2852 Heliodori.
1458 2792 1637 2853 Praeterea
1667 2790 1781 2852 notulae
1842 2816 1843 2855 1

569 2907 695 2982 aliquot
725 2904 885 2966 debentur
916 2906 1042 2967 Phaino
1067 2906 1215 2983 cuidam,
1240 2906 1297 2980 qui
1320 2919 1394 2967 sero
1416 2908 1518 2966 natus
1540 2905 1672 2967 videtur
1693 2905 1779 2967 luisse
1843 2962 1844 2974 ,

568 3020 637 3083 ludi
678 3021 840 3096 magister
853 3013 887 3098 ²),
930 3024 964 3082 et
1004 3021 1132 3082 multae
1172 3019 1313 3080 aliorum
1352 3020 1527 3080 hominum
1555 3033 1778 3096 anonymorum
1843 3049 1844 3070 l

568 3135 803 3195 annotationes
843 3132 1004 3195 verbosae
1047 3134 1156 3209 magis
1197 3148 1297 3207 quam
1339 3133 1441 3194 utiles
1482 3134 1624 3194 inferiae
1653 3133 1779 3194 suntin

569 3248 697 3309 scholia
719 3248 907 3309 fabularum
931 3263 1014 3310 aevo
1043 3248 1228 3322 Byzantino
1251 3262 1329 3323 prae
1353 3246 1474 3308 ceteris
1493 3245 1674 3307 lectarum:
1694 3245 1780 3318 Pluti‚

568 3361 725 3437 Nubium‚
754 3361 923 3422 Ranarum
939 3355 971 3433 ³).
995 3361 1171 3422 Hodiernis
1194 3360 1374 3421 lectoribus
1396 3377 1436 3421 ea
1459 3359 1530 3421 sola
1553 3364 1691 3436 prosunt
1711 3373 1780 3434 quaa

570 3490 613 3536 ex
634 3475 938 3536 Alexandrinorum
961 3475 1185 3549 interpretum
1209 3473 1464 3535 commentariis
1487 3475 1567 3533 sunt
1589 3474 1697 3535 ducta.
1845 3451 1846 3460 ἵ

614 3929 841 4006 Quadraginta
874 3932 1015 4003 quatuor
1045 3933 1103 3992 aut
1134 3933 1355 4007 quadraginta
1385 3932 1505 3994 cornici
1535 3931 1666 3992 fabulas
1692 3928 1780 3990 edide-

568 4047 649 4106 runt
678 4043 758 4106 olim
789 4046 1003 4121 grammatici
1034 4046 1268 4108 Alexandrini:
1301 4051 1372 4108 tres
1395 4047 1494 4107 huius
1516 4047 1665 4107 thesauri
1687 4045 1781 4120 partes

602 4300 624 4362 ¹)
641 4304 764 4352 Brrorsm
786 4302 888 4366 primus
909 4307 1011 4352 notarit
1032 4305 1317 4367 asceteriorum.
1336 4307 1393 4354 itt.
1412 4306 1451 4354 ci.
1470 4319 1537 4366 quae
1555 4306 1589 4353 ad
1607 4301 1780 4354 Plutiiabnlae

567 4385 759 4443 Argumentum
775 4384 812 4431 1v
829 4386 953 4432 moravi
970 4385 1004 4432 ds
1022 4385 1112 4434 codice
1130 4386 1159 4434 V.

602 4459 623 4516 ‘t
639 4460 679 4509 Cf.
696 4465 852 4523 pracsertim
869 4464 918 4523 Eg.
938 4465 1013 4512 11⁶⁰.

601 4537 624 4603 ⁸)
639 4542 826 4591 intercessisse
850 4547 958 4604 tempus
983 4557 1036 4604 quo
1060 4543 1164 4608 quisque
1193 4545 1360 4605 potissimum
1386 4545 1545 4605 legebantur
1569 4545 1676 4593 fabulae
1698 4541 1781 4594 Pisias,

568 4617 656 4677 Habea,
672 4619 765 4678 Ranae,
780 4620 889 4684 Bqas'tss,
905 4621 977 4679 Asea,
994 4627 1126 4670 testantur
1143 4624 1247 4671 codices
1265 4627 1330 4671 satis
1348 4624 1434 4672 crebri
1451 4625 1498 4684 qui
1510 4625 1559 4672 has
1573 4624 1645 4672 solas
1658 4621 1782 4674 sonunou.

569 4703 597 4746 at
621 4699 738 4748 concinit
762 4703 833 4762 quod
857 4703 892 4750 de
919 4705 1080 4761 tragicorum
1106 4707 1180 4750 textu
1207 4705 1287 4751 tradit
1311 4702 1415 4761 suidas,
1439 4702 1575 4766 Bsqeaissa
1600 4699 1782 4763 grammaticum

569 4781 677 4828 asculo
692 4781 727 4826 Y·
744 4779 917 4841 descripsisse
934 4785 1018 4828 metra
1036 4783 1196 4829 canticorum
1211 4781 1346 4843 qaindecim
1363 4783 1510 4830 dramatum
1523 4784 1650 4841 Aeschyli
1663 4777 1783 4842 sophodh

570 4860 716 4922 Euripidis
