4067 5950
713 756 791 800 VITA
814 758 854 802 H
877 757 1046 803 omniane.

291 964 334 976 -
363 931 478 1007 „Distu
503 928 631 990 scillcet
653 928 764 990 facilia
787 937 866 991 sunt
888 928 1011 990 talia!’‘

291 1078 335 1088 -
364 1045 492 1121 ,Immo
515 1041 768 1104 demonstratu'‘
795 1077 837 1087 -

239 1160 277 1219 et
314 1172 430 1220 coram
464 1153 660 1216 mulieribus
695 1156 832 1217 eborum
868 1155 1085 1218 efficientibus
1119 1156 1209 1217 clara
1240 1157 1274 1216 et
1308 1154 1481 1230 perspicua

238 1271 397 1332 oratione
431 1267 586 1331 dictatrix
622 1269 759 1344 exponit
788 1269 952 1343 quomodo
983 1270 1184 1346 permissam
1215 1268 1279 1330 eibi
1309 1268 1480 1329 civitatem

238 1387 290 1446 sit
316 1384 529 1446 ordinatura:

294 1499 324 1568 1)
349 1495 477 1572 Proprli
499 1495 641 1572 posthac
663 1495 790 1557 nemini
813 1495 878 1558 erit
902 1497 1089 1571 quicquam.

292 1612 324 1680 2)
350 1609 601 1671 Matrimonium
625 1607 758 1669 nullum
778 1608 852 1671 erit.

292 1726 325 1793 3)
351 1723 511 1785 Omnibus
534 1722 648 1784 omnia
671 1720 843 1797 praebebit
867 1722 998 1784 civitas.

290 1837 335 1898 nt
365 1837 466 1898 tertio
497 1835 631 1912 quidem
661 1834 794 1897 decreto
825 1835 1024 1897 adversatur
1052 1849 1162 1897 nemo.
1193 1836 1309 1911 Itaque
1338 1836 1424 1911 quod
1448 1837 1482 1896 in

239 1948 407 2013 cenacula
429 1949 496 2011 iam
519 1950 697 2010 mutantur
719 1947 918 2026 tribunalia,
942 1947 1076 2010 inutilia
1095 1948 1239 2023 alioquin
1258 1948 1292 2009 in
1312 1951 1483 2025 posterum

240 2066 378 2142 sutura,
403 2063 560 2138 quoniam
580 2062 792 2139 possessione
811 2061 945 2124 sublata
964 2063 1138 2124 criminum
1159 2061 1261 2123 simul
1279 2061 1412 2124 sublata
1430 2062 1482 2122 est

241 2195 362 2254 causa3
381 2213 425 2222 —
445 2178 532 2255 quod
554 2178 588 2240 111
613 2176 787 2254 aediculis,
806 2175 863 2237 ubi
882 2177 1028 2239 iudicum
1052 2178 1216 2239 hactenus
1238 2176 1328 2238 iacta
1346 2178 1397 2237 est
1417 2191 1483 2238 sor·

239 2295 322 2354 titio
346 2293 550 2370 quotidiana,
575 2291 792 2354 convivarum
811 2305 899 2352 nunc
914 2290 1079 2352 ducentur
1101 2293 1209 2353 sortes
1227 2305 1288 2352 neo
1306 2291 1481 2366 quisquam

241 2423 281 2466 re
314 2406 441 2467 inlecta
470 2398 546 2466 inde
577 2405 630 2466 est
659 2404 824 2479 abiturus,
856 2403 1012 2477 quoniam
1037 2404 1164 2465 nemini
1184 2419 1251 2465 non
1275 2402 1484 2479 praebebitur

243 2520 446 2595 symbolum
482 2518 592 2580 locum
626 2518 660 2579 in
696 2532 778 2580 cena
813 2518 982 2580 communi
1016 2517 1183 2592 indicans3
1210 2554 1250 2563 -
1283 2517 1317 2577 in
1352 2516 1482 2593 publico

242 2634 392 2707 denique
426 2633 584 2708 suggesto
618 2631 704 2706 quod
738 2646 804 2693 non
846 2633 995 2693 oratores
1030 2632 1120 2692 reive
1150 2630 1217 2691 iam
1253 2629 1390 2691 stabunt
1425 2631 1482 2692 sed

243 2752 400 2809 craterae
422 2746 505 2808 bene
529 2744 676 2822 repletae
699 2747 733 2807 et
756 2744 905 2822 bellaria,
929 2778 967 2788 -
994 2745 1076 2807 haec
1099 2745 1212 2806 omnia
1234 2745 1480 2805 maximorum

242 2862 371 2938 plausu
401 2860 608 2922 audientium
639 2875 660 2920 a
690 2859 861 2922 dictatriee
891 2859 1056 2921 iubentur.
1084 2860 1151 2920 Nec
1175 2859 1312 2921 dubium
1331 2862 1382 2921 est
1405 2861 1483 2933 quin

243 2976 473 3052 magistratus
491 2975 649 3036 mulieres
669 2988 785 3035 cenam
812 2972 980 3050 publicam
1000 2989 1105 3049 aeque
1125 2974 1291 3049 egregiam
1311 2975 1379 3035 sint
1394 2990 1484 3049 para·

243 3093 347 3162 turae
380 3089 480 3162 atque
514 3086 646 3163 publica
680 3088 779 3148 erunt
809 3088 1011 3148 vestimenta
1045 3087 1187 3162 lectique
1223 3086 1355 3164 publici.
1390 3088 1484 3148 Artis

244 3205 366 3263 autem
396 3201 574 3262 culinariae
597 3200 821 3276 peritissimae
843 3202 987 3262 testatur
1010 3200 1165 3276 placenta
1187 3202 1400 3277 septuaginta
1423 3203 1485 3277 syl·

243 3316 403 3376 labarum
438 3314 586 3389 tantique
618 3314 763 3375 nominis
793 3329 986 3375 mensuram
1018 3313 1105 3376 mole
1135 3328 1196 3375 aua
1219 3314 1375 3391 implens,
1401 3330 1484 3389 quae

244 3428 310 3490 sub
345 3427 476 3489 tabulae
509 3426 609 3489 linem
645 3427 794 3489 defertur
827 3428 862 3487 in
901 3428 1026 3505 iorum,
1061 3427 1173 3503 populi
1208 3426 1296 3488 beati
1330 3443 1483 3490 mensam

245 3542 433 3604 secundam
456 3544 623 3604 ornatura.

295 3656 361 3717 Sed
395 3655 566 3731 aliquanto
600 3656 714 3717 minue
747 3656 844 3718 facile
884 3655 1024 3718 efficitur
1059 3655 1130 3733 illa,
1164 3670 1263 3729 quam
1298 3656 1487 3731 Praxagora

246 3770 322 3831 fieri
345 3770 458 3847 iussit,
483 3770 673 3832 communio
696 3769 857 3831 bonorum
881 3772 916 3831 et
937 3770 1150 3831 feminarum.

295 3885 382 3945 Nam
417 3883 539 3958 privati
572 3881 729 3957 quoniam
761 3882 846 3943 1111111
876 3882 1016 3959 posthac
1047 3884 1099 3943 est
1128 3882 1294 3960 futurum,
1326 3898 1405 3943 suas
1436 3899 1489 3944 res

248 3997 375 4073 singuli
398 3996 517 4058 debent
543 3997 691 4057 conferre
714 3996 748 4057 in
772 4010 872 4057 usum
896 4010 1120 4057 communem.
1144 3996 1241 4057 Unus
1259 3997 1360 4073 igitur
1379 4014 1396 4059 e
1416 3998 1486 4057 Pul·

248 4112 381 4187 iispicis
401 4111 522 4172 vicinis
540 4114 677 4173 tenuem
696 4109 938 4186 supellectilem
958 4112 1036 4171 ante
1056 4110 1191 4171 domum
1211 4126 1309 4173 suam
1321 4126 1363 4172 ex
1375 4111 1489 4173 ordine

249 4226 394 4287 collocat
415 4226 448 4286 in
473 4225 598 4302 platea,
622 4240 702 4287 mox
726 4225 759 4285 in
784 4225 893 4286 lorum
917 4223 959 4284 ad
982 4223 1106 4285 aediles
1130 4225 1430 4301 transportaturus,
1446 4259 1486 4269 -

251 4339 435 4415 dummodo
475 4338 587 4400 locum
622 4338 772 4400 inveniat
805 4337 990 4400 carissimis
1025 4337 1096 4398 suis
1131 4338 1295 4399 mensulis
1329 4339 1362 4399 et
1396 4337 1489 4399 sellis

251 4458 427 4526 ceteroque
457 4451 682 4512 instrumento
710 4451 911 4525 domestico;
943 4466 1021 4511 nam
1053 4450 1162 4512 lorum
1193 4452 1307 4511 omnia
1337 4450 1487 4513 omnium

253 4565 338 4624 bona
361 4563 417 4639 qui
440 4564 563 4640 capiatl

297 4678 382 4738 Itcce
412 4680 526 4738 autem
557 4678 643 4739 alius
665 4678 860 4754 supervenit
883 4678 976 4739 civis·
1000 4677 1061 4754 Qui
1084 4678 1326 4753 impedimenta
1349 4678 1492 4738 miratus

254 4805 311 4865 per
334 4791 480 4867 plateam
503 4791 681 4868 disposita:
