4067 5950
698 782 741 827 nu
764 781 872 827 rsxru
895 782 1049 828 τοιουτου.
1421 768 1486 828 299

296 958 411 1019 Etiam
431 956 535 1017 καί-
549 946 673 1035 1111)-
692 953 732 1027 ὡς
751 955 934 1032 particulas
952 970 1053 1031 saepe
1073 956 1258 1032 permutari
1269 958 1348 1016 nota
1359 970 1412 1016 res
1425 956 1487 1015 est.

296 1072 513 1133 Permuistae
555 1072 634 1132 sunt
674 1070 728 1129 καί
767 1072 801 1131 et
834 1065 854 1147 ἤ
888 1069 945 1143 Eq.
982 1069 1060 1146 437,
1095 1069 1151 1130 ubi
1187 1084 1306 1130 verum
1338 1068 1489 1129 servavit

253 1186 359 1247 codex
382 1185 426 1247 R:

433 1295 473 1370 ὡς
497 1290 584 1370 οὗτος
608 1294 671 1376 ἤδη
693 1295 815 1369 καικίας
838 1292 859 1376 ἢ
883 1296 1089 1373 συκοφαντίας
1112 1300 1197 1374 πνεῖ,

251 1413 284 1473 in
308 1413 340 1472 V
363 1415 478 1474 autem
501 1412 639 1487 legitur:
663 1411 782 1484 καικίας
806 1417 826 1484 V
856 1408 998 1482 (=ner2)
1023 1410 1228 1487 συκοφαντίας
1251 1416 1328 1471 τινεῑ.

295 1528 409 1589 Etiam
440 1527 553 1604 aptius
583 1526 777 1602 exemplum
807 1529 861 1589 est
884 1526 983 1603 Vesp.
1009 1528 1086 1603 550,
1112 1527 1169 1589 ubi
1192 1530 1302 1589 metro
1324 1528 1432 1588 invito
1454 1528 1487 1587 in

251 1642 279 1701 V
302 1644 340 1703 et
362 1643 396 1702 in
420 1642 449 1702 R
471 1642 554 1703 haec
576 1641 750 1717 leguntur:

343 1756 373 1815 τί
392 1754 450 1837 γὰρ
474 1752 621 1833 εὔδαιμον
644 1751 664 1833 ἢ
687 1753 739 1814 καὶ
762 1753 948 1834 μακαριστὸν
972 1759 1086 1831 μᾶλλον
1110 1762 1169 1814 νῦν
1194 1752 1255 1816 ἐστι
1279 1754 1433 1815 δικαστοῦ.

1003 1844 1041 1888 καί

295 1914 375 1974 Fuit
408 1912 510 1988 igitur
544 1913 578 1973 in
614 1912 793 1988 archetypo
828 1910 976 1987 εὔδαιμον
1007 1908 1078 1990 ἣῑ),
1110 1912 1231 1973 vitium
1263 1914 1377 1973 autem
1408 1912 1488 1973 olim

252 2027 382 2103 peperit
404 2027 538 2102 signum
561 2026 647 2100 quod
671 2026 792 2087 utrivis
815 2014 999 2102 particulae
1024 2028 1095 2088 erat
1118 2026 1239 2087 simile.

297 2140 502 2201 Simillimus
526 2155 619 2201 error
641 2141 693 2201 est
716 2140 803 2201 ΕοοΙ.
829 2142 913 2202 474:

433 2248 479 2314 όσ’
506 2251 544 2313 iv
568 2251 683 2332 ἀνόητα
706 2248 753 2333 χίῙ
778 2262 864 2333 μῶρα
888 2253 1127 2333 βουλευσώμεθα
1151 2255 1189 2317 R.

570 2367 685 2445 ἀνόητα
708 2366 760 2428 καί
1149 2370 1182 2427 Γ.

296 2483 442 2558 Bentley
569 2478 669 2560 ἀνόητ’
696 2480 724 2561 ἢ.

296 2599 370 2659 Nou
404 2598 518 2659 minus
551 2600 643 2659 certa
677 2613 732 2658 res
767 2599 818 2658 est
849 2598 933 2659 Rau.
969 2600 1043 2675 104,
1076 2598 1155 2659 licet
1186 2598 1274 2659 idem
1298 2598 1420 2658 vitium
1445 2597 1490 2657 ibi

255 2713 438 2788 praebeant
461 2712 491 2771 V
513 2714 547 2773 et
569 2712 598 2772 R
620 2713 655 2772 et
677 2727 810 2772 omnes:

655 2816 675 2901 ἦ
699 2822 761 2901 μὴν
784 2822 901 2902 κόβαλά
924 2818 947 2901 γ’
977 2821 1066 2884 ἐστίν.

300 2940 390 3018 Quae
413 2939 572 3015 quoniam
596 2954 663 3000 non
686 2938 825 3000 iurantis
847 2939 929 2999 sunt
951 2939 1010 3000 sed
1031 2940 1201 3019 οοίοίοκτίε,
1221 2956 1282 3003 suo
1300 2942 1372 3003 iure
1392 2940 1493 3003 Cobet

255 3056 422 3116 restituit:

656 3163 723 3224 καί
746 3164 808 3243 μὴν
831 3165 947 3245 κόβαλά
971 3162 996 3248 μ’
1023 3165 1117 3244 ἐστίν,

255 3286 287 3342 at
310 3297 418 3343 merae
440 3282 499 3342 hae
522 3284 597 3341 οακι
619 3272 746 3356 nepae!

299 3395 486 3471 cognatum
511 3397 563 3454 est
586 3394 708 3454 vitium
731 3394 815 3455 Nub.
844 3395 947 3468 1119;
973 3395 1030 3455 ubi
1053 3396 1197 3456 Nubium
1224 3398 1362 3459 chorus:

433 3502 496 3569 εἶτα
519 3506 572 3567 τὸν
595 3506 715 3585 καρπὸν
738 3508 933 3579 τεκούσας
957 3506 1112 3584 ἀμπέλους
1136 3511 1320 3588 φυλάξομεν.

256 3626 309 3686 Sic
339 3624 407 3685 VR
435 3627 525 3695 tort-i
549 3624 665 3699 ceteri,
690 3625 770 3684 sunt
793 3625 908 3684 autem
932 3625 1035 3686 verba
1058 3622 1235 3703 ἀδιανόητα.
1259 3625 1385 3687 Verum
1409 3627 1493 3687 vidit

256 3739 383 3817 corais,
410 3739 466 3814 qui
490 3737 642 3813 scripsit:

521 3850 574 3913 τὸν
598 3825 777 3929 καρπόνκτε
800 3849 866 3911 καὶ
890 3854 958 3924 τὰς
983 3850 1154 3931 ἀμπέλους,

257 3983 330 4026 rum
348 3969 459 4044 fruper
488 3970 557 4026 tum
584 3963 659 4026 vites
689 3965 906 4027 ονειοοίονκυο.
935 3967 1027 4043 Quod
1048 3968 1082 4029 in
1107 3969 1288 4044 archetypo
1312 3972 1488 4031 exaratum

258 4090 329 4149 erat
354 4084 554 4150 TeKiTAc
602 4088 857 4152 inYGKriCAC
879 4089 972 4150 abiit.

300 4315 517 4376 Permutatae
548 4316 628 4374 sunt
657 4313 711 4373 καί
739 4317 772 4375 et
803 4311 843 4385 ὡς
874 4315 1057 4390 particulae
1087 4317 1164 4391 Lys.
1199 4318 1294 4393 1148,
1324 4317 1380 4378 ubi
1403 4319 1489 4378 Laco

259 4430 513 4490 admirationem
537 4428 685 4503 apertius
709 4443 809 4501 quam
834 4429 1008 4488 honestius
1032 4427 1223 4503 significans

434 4538 450 4602 ό
473 4550 611 4620 ιιρῶκτος
634 4537 752 4616 όίφατος
777 4545 797 4612 ¹7*
826 4540 916 4612 καλός

296 4859 313 4920 ¹)
330 4863 368 4910 Oi.
385 4865 454 4910 inire
470 4863 521 4911 sub
540 4863 592 4921 11).
