4067 5950
712 798 793 842 vrrs
815 799 855 843 nr
878 795 1049 842 ornamus.
1454 781 1496 840 85

263 968 382 1042 Itaque
415 968 578 1029 sacerdoti
613 969 767 1044 prudenti
801 967 887 1029 haud
921 965 984 1027 init
1016 965 1157 1026 arduum
1188 979 1305 1026 cavere
1337 979 1378 1025 ne
1410 964 1502 1025 cives

264 1091 364 1138 caeca
386 1080 509 1156 pietate
532 1081 659 1156 abrepti
682 1081 865 1142 inciderent
884 1080 917 1140 in
937 1079 1081 1154 priscam
1101 1077 1193 1138 illam
1213 1077 1502 1154 superstitionem,

264 1206 330 1264 qua
349 1193 481 1254 macula
493 1193 606 1255 orbem
619 1194 717 1255 lunae
728 1193 909 1255 obscurans
921 1191 1116 1253 credebatur
1128 1190 1331 1251 calamitatis
1343 1192 1503 1252 instantis

264 1319 340 1365 esse
359 1307 488 1368 umbra.
504 1341 543 1351 -
555 1307 710 1368 Stilbides
729 1308 858 1368 utinam
879 1305 980 1367 etiam
999 1304 1317 1378 ruissetsuperstesi
1343 1303 1501 1364 Militibus

264 1418 546 1494 despondentibus
568 1421 666 1482 iacile
688 1421 910 1497 persuasisset
932 1419 1039 1480 lucem
1061 1416 1180 1477 salutis
1199 1431 1368 1489 nunquam
1388 1417 1500 1478 obscu-

264 1531 332 1592 rari
356 1532 398 1594 iis
421 1536 477 1609 qui
500 1537 636 1597 strenue
659 1549 733 1596 eam
757 1536 925 1610 appetant.

310 1646 552 1723 Aristophanes
575 1663 650 1709 cum
675 1649 804 1710 audiret
826 1662 924 1722 quem
949 1647 1038 1707 vitae
1056 1643 1156 1706 tinem
1176 1645 1372 1706 habuissent
1390 1647 1500 1722 copiae

265 1759 393 1838 Niciae,
429 1761 542 1822 Niciae
571 1762 675 1839 illius,
708 1776 806 1836 quem
837 1761 1045 1822 Athenarum
1080 1758 1316 1834 sospitatorem
1351 1757 1500 1821 futurum

265 1872 442 1948 aliquando
461 1874 570 1935 iuerat
589 1872 747 1950 conlisus,
766 1873 925 1949 puduitno
945 1873 1106 1949 iocorum,
1126 1871 1245 1946 quibus
1263 1871 1393 1932 inutilia
1413 1873 1499 1933 vide·

264 1985 344 2046 licet
374 1988 485 2050 studia
515 1987 760 2064 astrologorum
784 1987 884 2048 etiam
913 1986 1065 2062 proximo
1089 2000 1176 2046 anno
1199 1984 1387 2060 petiverat?
1411 1985 1501 2048 Tunc

266 2101 357 2161 enim
385 2101 419 2161 in
450 2100 578 2162 Avibus
604 2105 757 2176 proterve
781 2100 900 2161 riserat
921 2100 1085 2160 Matonem
1111 2099 1220 2159 virum
1244 2099 1501 2172 sagacissimum

265 2218 299 2273 et
329 2213 608 2291 eruditissimum,
633 2214 832 2288 astrologiae
855 2213 1055 2288 geometriae
1078 2211 1317 2274 architecturae
1340 2212 1498 2290 peritum,

265 2327 320 2386 cui
343 2327 496 2387 Athenae
519 2326 682 2388 debebant
704 2342 827 2388 norum
852 2341 959 2400 aquae
977 2327 1115 2386 ductum
1135 2329 1168 2385 et
1187 2324 1396 2385 emendatam
1417 2328 1500 2386 tem·

269 2439 363 2514 poris
394 2441 608 2514 computandi
630 2441 804 2501 rationem.
828 2439 890 2500 Hic
915 2440 964 2499 vir
988 2453 1063 2499 cum
1087 2437 1215 2498 Alitum
1240 2438 1362 2499 viseret
1383 2438 1497 2500 urbem

266 2552 465 2628 sublimem,
491 2553 605 2628 flagris
627 2554 744 2630 pulsus
767 2553 853 2614 altos
878 2553 1057 2614 cachinnos
1081 2551 1222 2628 civerat,
1245 2553 1360 2627 utpote
1383 2567 1504 2614 vesane

266 2667 402 2743 doctus,
434 2667 569 2728 orbibus
600 2668 770 2742 quadratis
800 2668 834 2727 et
855 2667 956 2727 rectis
980 2665 1123 2727 arcubus
1145 2664 1349 2726 delineandis
1371 2668 1504 2742 tempus

265 2780 381 2854 inepte
412 2783 535 2841 terens.
566 2781 692 2856 Nempe
715 2779 919 2855 geometriae
942 2781 977 2840 et
998 2778 1250 2839 stereometriae
1273 2792 1396 2840 arcana
1419 2779 1502 2839 nihil

266 2892 393 2952 habent
415 2893 501 2967 quod
525 2893 691 2969 popellum
716 2893 879 2954 incultum
903 2891 957 2953 vel
979 2894 1095 2967 poetas
1118 2890 1258 2951 alliciati
1280 2891 1396 2965 Itaque
1417 2892 1504 2953 viros

266 3007 385 3067 doctos
415 3008 561 3067 aversati
587 3010 668 3068 sunt
690 3008 780 3067 cives
802 3006 1072 3068 Nubilocuculiae
1080 3050 1176 3082 .....
1200 3006 1257 3066 sed
1281 3020 1391 3066 rerum
1414 3006 1501 3081 igno·

265 3120 356 3179 ratio
397 3122 431 3179 et
472 3120 665 3195 superstitio
703 3135 862 3195 quorsum
895 3120 1054 3181 ducerent
1088 3119 1262 3195 mortales,
1298 3120 1367 3179 iam
1401 3120 1503 3180 nimis

266 3232 354 3292 eheu
377 3236 490 3309 aperte
514 3234 672 3296 docuerat
692 3235 883 3310 tragoediae
905 3234 1036 3294 Siculae
1058 3232 1170 3323 oritus
1192 3230 1374 3293 horrificus.

312 3456 361 3517 Ut
391 3459 425 3519 in
456 3459 603 3537 Oriente,
640 3461 689 3522 sic
722 3462 756 3521 in
788 3460 964 3522 Occidente
998 3460 1178 3520 imminuta
1208 3461 1373 3535 potestate
1404 3460 1503 3521 Athe-

264 3571 437 3632 niensium
465 3574 571 3633 crevit
601 3588 654 3634 res
684 3574 910 3635 barbarorum.
935 3574 1068 3649 Optimo
1093 3573 1225 3646 quidem
1248 3574 1318 3633 iure
1337 3551 1504 3635 'Periclem

265 3685 351 3745 olim
388 3685 480 3746 cives
514 3686 744 3763 adhortatum,
776 3702 881 3748 novas
911 3702 965 3747 res
996 3702 1037 3747 ne
1068 3687 1160 3762 prius
1183 3686 1379 3747 molirentur
1403 3701 1503 3759 quam

265 3797 389 3873 Sparta
415 3800 506 3860 esset
534 3799 712 3876 debellata,
745 3801 884 3861 docuere
916 3798 1060 3876 Cleonis,
1098 3798 1291 3875 Hyperboli,
1324 3798 1505 3859 Alcibiadis

265 3912 412 3985 denique
441 3914 553 3973 studia
584 3914 624 3973 ad
655 3914 789 3974 irritum
821 3914 968 3989 redacta;
1000 3914 1146 3974 sednon
1171 3912 1505 3974 omninotemeraria

264 4025 402 4085 fuerant
425 4026 542 4086 horum
560 4027 707 4088 virorum
732 4027 878 4088 consilia.
903 4027 963 4103 Qui
986 4026 1087 4103 probe
1106 4029 1346 4103 perspexerant
1367 4026 1509 4086 Graecos

265 4137 336 4197 nisi
359 4138 470 4197 unitos
493 4154 513 4198 a
536 4139 690 4213 gentibus
713 4142 838 4201 exteris
860 4143 952 4202 tutos
976 4156 1042 4201 non
1067 4140 1150 4217 iore,
1176 4156 1237 4201 nec
1261 4141 1326 4200 nisi
1348 4140 1383 4200 in
1406 4139 1504 4199 Athe-

266 4265 391 4311 narum
431 4251 566 4313 civitate
596 4255 788 4328 peregrinae
819 4256 977 4316 andaciae
1008 4254 1190 4315 obsistendi
1216 4268 1290 4314 esse
1312 4268 1424 4329 spem;
1451 4257 1508 4314 aut

266 4366 423 4425 Athenas
444 4365 568 4427 liberae
593 4367 748 4429 Graeciae
772 4372 873 4444 caput
895 4370 1038 4444 futuras,
1064 4372 1123 4429 aut
1145 4365 1260 4429 fictam
1285 4369 1319 4427 et
1341 4381 1506 4427 commen-

266 4478 386 4538 ticiam
410 4478 481 4539 iore
505 4479 619 4539 Graeci
643 4481 789 4541 nominis
812 4481 905 4542 illam
924 4482 1124 4544 libertatem.
1146 4480 1234 4556 Quos
1252 4484 1342 4540 recte
1362 4481 1509 4541 sensisse

268 4608 352 4653 mox
392 4594 539 4655 ostendit
574 4608 685 4654 rerum
720 4596 753 4654 in
789 4595 901 4656 Sicilia
935 4597 1111 4669 decursus;
1146 4610 1211 4655 non
1248 4594 1338 4655 enim
1374 4593 1508 4655 Graecis

268 4715 371 4774 huius
391 4713 521 4774 insulae
540 4713 730 4773 civitatibus
746 4711 869 4788 profuit
891 4712 1146 4771 Atheniensium
1167 4709 1292 4784 clades,
1306 4708 1363 4769 aed
1378 4708 1508 4768 Poenis.

269 4828 418 4904 Quatuor
441 4827 537 4887 annis
556 4830 632 4901 post
654 4826 765 4888 Niciae
790 4827 927 4901 eiusque
951 4826 1119 4901 copiarum
1144 4825 1318 4884 interitum
1342 4820 1505 4896 Carthago
