4067 5950
563 779 626 839 186
1033 798 1322 846 οιιαιιιιιτιοοοσιι

557 965 724 1048 ἐπληροῦτο
743 970 794 1032 διά
809 967 831 1046 ¹)
851 973 1014 1052 μελυδρίον
1033 969 1093 1053 η’)
1112 972 1280 1051 κομματίου
1299 970 1351 1033 καί
1369 981 1502 1053 στροφῆς
1519 970 1570 1033 καί
1586 971 1775 1054 ἀντιστρόφου

485 1091 516 1139 14
560 1082 611 1143 καί
634 1081 834 1165 έπιρρήματος
855 1085 907 1148 καί
925 1086 1183 1167 ἀντεπιρρήματος
1203 1084 1252 1147 καί
1271 1085 1476 1147 ἀναπαίστων.
1496 1085 1531 1147 τά
1548 1084 1671 1167 μὲνγὰρ
1682 1086 1777 1167 ἔχοντα

558 1195 610 1270 τάς
640 1198 826 1277 παραβάσεις
856 1196 917 1261 καί
952 1199 1070 1262 έκεῖνον
1100 1199 1153 1262 τδν
1181 1200 1292 1280 χρόνον
1323 1198 1471 1281 ἐδιδάχθη
1499 1198 1570 1262 καθ’
1595 1196 1631 1261 δν
1654 1197 1671 1261 δ
1692 1202 1778 1280 δῆμος

558 1310 683 1390 ἐκράτει,
714 1312 751 1373 τά
782 1310 815 1375 δέ
844 1314 902 1376 ούκ
925 1313 1032 1395 ἔχοντα
1053 1323 1105 1394 τῆς
1128 1313 1266 1389 ἐξουσίας
1289 1313 1396 1376 λοιπδν
1419 1312 1480 1377 ἀπδ
1502 1322 1557 1376 τοῦ
1581 1314 1680 1394 δήμου
1703 1321 1778 1394 μεθι

560 1423 707 1505 σταμένης
728 1425 780 1488 καί
802 1436 855 1507 τῆς
876 1426 1047 1511 ὀλιγαρχίας
1070 1429 1248 1511 κρατούσης.

486 1545 515 1593 11
606 1534 676 1612 οῖ’)
696 1536 729 1601 δέ
746 1549 799 1620 τῆς
818 1539 910 1621 μέσης
928 1543 1089 1629 κωμῳδίας
1106 1541 1230 1621 ποιηταί
1245 1541 1296 1604 καί
1306 1541 1360 1616 τάς
1371 1540 1535 1615 ὑποθέσεις
1545 1540 1681 1622 ἥμειψαν
1692 1541 1741 1602 καὶ
1751 1544 1780 1602 τά

559 1651 664 1731 χορικά
682 1651 756 1733 μέλη
775 1653 951 1735 παρέλιπον,
968 1656 1026 1718 οόκ
1045 1655 1160 1737 ἔχοντες
1178 1656 1249 1731 τοὺς
1267 1656 1416 1739 χορηγοὺς
1431 1655 1501 1729 τοὺς
1514 1654 1566 1729 τάς
1579 1655 1719 1729 δαπάνας
1729 1662 1781 1727 τοῖς

559 1773 713 1845 χορευταῖς
735 1767 927 1849 παρέχοντας.
953 1769 1118 1845 ὑποθέσεις
1141 1768 1195 1850 μὲν
1218 1770 1275 1854 γὰρ
1298 1779 1351 1849 της
1377 1774 1507 1843 παλαιᾶς
1530 1769 1690 1855 κωμῳδίας
1711 1761 1781 1847 ἦσαν

560 1872 664 1959 αὑται,
690 1880 724 1942 τδ
751 1888 926 1964 στρατηγοῖς
948 1881 1087 1963 ἐπιτιμᾶν
1110 1884 1161 1946 καὶ
1185 1886 1339 1958 δικασταῖς
1359 1884 1416 1947 ούκ
1438 1881 1541 1965 ὀρθῶς
1564 1883 1719 1955 δικάζουσι
1739 1880 1782 1941 καί

487 2002 517 2050 1⁶
561 1993 696 2072 χρήματα
716 1994 910 2077 συλλέγουσιν
923 1995 953 2071 ἐξ
973 1995 1094 2072 ἀδικίας
1112 1996 1170 2060 τισί
1187 1996 1240 2059 καί
1257 1997 1415 2077 μοχθηρὸν
1430 1994 1670 2082 ε’πανηρημένοις
1683 1991 1782 2077 βίονι)

512 2140 515 2145 -
560 2102 594 2167 δὲ
612 2105 687 2185 μέση
705 2109 849 2194 κωμῳδία
867 2109 966 2189 ἀφῆκε
984 2110 1037 2184 τάς
1056 2112 1196 2185 τοιαύτας
1215 2109 1389 2189 ὑποθέσεις,
1404 2109 1452 2171 έπλ
1465 2107 1542 2172 δὲτὸ
1555 2110 1704 2171 σκάπτειν
1714 2109 1783 2169 ι’στο-

560 2222 627 2300 ρίας
647 2220 792 2301 ῥηθείσας
811 2230 950 2303 ποιηταῖς
969 2218 1079 2305 ἦλθον.
1097 2225 1274 2288 ἀνεύθυνον
1286 2225 1342 2308 γάρ
1354 2224 1387 2286 τὸ
1399 2233 1547 2303 τοιοῦτον,
1558 2217 1625 2285 οίον
1637 2224 1783 2303 διασύρειν

488 2340 517 2392 17
553 2332 690 2417 Ὅμηρον
718 2335 842 2397 είπόντα
871 2360 898 2398 τι
912 2334 936 2410 4)
960 2336 981 2419 ἣ
1003 2339 1055 2401 τδν
1079 2341 1163 2401 δεῖνα
1185 2348 1238 2418 τῆς
1260 2340 1428 2426 τραγῳδίας
1450 2337 1588 2418 ποιητήν.
1611 2346 1736 2399 τοιαῦτα
1757 2332 1783 2396 δὲ

561 2448 697 2528 δράματα
716 2448 767 2510 καλ
786 2448 819 2511 έν
836 2460 873 2536 τῇ
884 2457 997 2537 παλαιᾷ
1008 2454 1151 2539 κωμῳδίῳ
1162 2452 1242 2515 ἔστιν
1254 2453 1362 2533 εὑρεῖν,
1376 2452 1452 2533 άπερ
1463 2456 1632 2513 τελευταῖον
1644 2449 1783 2529 ἐδιδάχθη

560 2561 668 2623 λοιπόν
686 2571 739 2642 τῆς
754 2561 925 2645 ὀλιγαρχίας
943 2568 1165 2646 κρατυνθείσης
1180 2563 1213 2639 ⁶).
1233 2567 1265 2628 οί
1279 2576 1354 2648 γοῦν
1371 2562 1524 2637 Ὀδυσσεῖς
1538 2563 1693 2644 Κρατίνου
1706 2562 1783 2624 οόδε-

563 2675 614 2749 νὸς
636 2675 806 2756 ἐπιτίμησιν
828 2677 941 2759 έχουσι,
963 2680 1132 2761 διασυρμόν
1157 2678 1188 2742 δὲ
1211 2690 1263 2759 τῆς
1282 2675 1457 2752 Ὀδυσσείας
1479 2686 1533 2739 τού
1551 2673 1684 2757 Ὁμήρου
1699 2671 1732 2749 ⁶).

487 2796 518 2843 1⁸
609 2800 745 2852 τοιαῦται
765 2786 790 2864 ⁷)
826 2792 884 2875 γάρ
923 2793 958 2853 αί
988 2791 1065 2853 κατά
1097 2792 1152 2872 την
1182 2793 1277 2872 μέσην
1311 2794 1473 2879 κωμῳδίαν
1507 2790 1669 2863 ὑποθέσεις
1707 2789 1784 2851 εἰσίν·

561 2906 683 2983 μύθους
714 2906 771 2988 γάρ
799 2929 882 2980 τινας
904 2906 1038 2981 τιθέντες
1063 2907 1095 2968 έν
1118 2914 1182 2981 ταῖς
1204 2908 1374 2996 κωμῳδίαις
1397 2912 1459 2980 τοῖς
1482 2904 1691 2986 παλαιοτέροις
1716 2904 1785 2984 εἰρη-

561 3017 673 3097 μένους
697 3019 837 3102 διέσυρον
860 3019 901 3094 ότς
924 3031 1024 3094 κακῶς
1047 3020 1206 3103 ῥηθέντας.
1224 3022 1275 3083 καλ
1294 3021 1346 3095 τὰς
1365 3020 1550 3102 παραβάσεις
1569 3019 1786 3105 παρητήσαντο,

488 3142 517 3190 1⁹
565 3132 615 3193 διὰ
644 3132 677 3193 τὸ
707 3133 778 3207 τοὺς
808 3135 916 3214 χοροὺς
943 3134 1094 3213 ὀπιλεῖψαι
1115 3131 1139 3209 ⁸)
1172 3146 1310 3217 χορηγῶν
1342 3135 1398 3197 οὐκ
1428 3133 1534 3196 όντων.
1566 3132 1602 3194 οὐ
1634 3130 1697 3210 μὴν
1720 3127 1784 3192 οόδὲ

560 3247 597 3307 τά
618 3253 793 3327 προσωπεῖα
813 3246 1018 3329 ὁμοιοτρόπως
1037 3256 1098 3323 τοῖς
1118 3249 1150 3310 ἐν
1169 3261 1205 3336 τῇ
1224 3256 1336 3334 παλαιᾷ
1354 3248 1496 3336 κωμῳδίᾳ
1507 3243 1784 3324 κατεσκευασμένοις

560 3361 693 3442 εἰσῆγον.
718 3362 750 3423 έν
774 3359 828 3440 μὲν
851 3362 908 3444 γάρ
931 3374 967 3448 τῇ
986 3370 1102 3448 παλαιᾷ
1122 3365 1239 3438 εἴκαζον
1262 3363 1298 3424 τά
1316 3367 1490 3444 προσωπεῖα
1510 3366 1572 3434 τοῖς
1590 3355 1785 3447 κωμῳδουμέ-
1851 3424 1855 3439 .

559 3497 638 3552 νοις,
669 3476 735 3555 ἴνα,
756 3477 828 3557 πρίν
850 3500 878 3536 τι
900 3475 952 3537 καὶ
974 3477 1046 3550 τοὺς
1068 3476 1232 3557 ὑποκριτὰς
1256 3477 1361 3554 εἰπεῖν,
1383 3473 1399 3537 δ
1422 3476 1663 3561 κωμῳδούμενος
1687 3473 1720 3534 έκ
1740 3480 1784 3549 τῖγς
1854 3489 1855 3492 ’

561 3587 737 3668 ὁμοιότητος
766 3599 819 3669 τῆς
850 3589 950 3668 όψεως
982 3592 1150 3670 κατάδηλος
1173 3587 1203 3677 ᾖ,
1228 3590 1262 3653 έν
1286 3590 1318 3653 δέ
1341 3603 1377 3677 τῇ
1400 3589 1475 3674 με’ση
1498 3588 1549 3650 καί
1573 3588 1625 3672 νέῳ
1648 3587 1785 3674 κωμῳδίᾳ

562 3702 699 3781 ἐπίτηδες
721 3703 757 3763 τὰ
779 3709 954 3784 προσωπεῖα
977 3704 1053 3784 πρὸς
1077 3705 1110 3766 τό
1133 3706 1320 3787 γελοιότερον
1343 3703 1599 3785 έδημιούργησαν,
1626 3700 1786 3770 δεδοικότες

562 3816 633 3888 τοὺς
667 3817 853 3889 Μακεδόνας
875 3816 927 3879 καί
949 3818 1021 3891 τοὺς
1045 3817 1270 3899 έπηρτημένους
1294 3817 1323 3892 ἐξ
1347 3818 1469 3879 ἐκείνων
1493 3816 1621 3896 φόβους,
1643 3814 1695 3874 ῖνα
1719 3807 1787 3892 μηδὲ

562 3929 595 3990 ἐκ
624 3931 715 4009 τύχης
744 3929 826 4003 τινὸς
856 3928 995 4010 ὁμοιότης
1018 3933 1184 4012 προσώπου
1209 3931 1346 4016 συμπέση
1371 3930 1430 3992 τινλ
1454 3928 1649 3990 Μακεδόνων
1671 3925 1787 4007 άρχοντι

574 4116 789 4127 -————1-—

598 4222 618 4290 ι)
635 4226 674 4272 διὰ
691 4225 796 4284 Kaibel]
815 4226 868 4271 οπο.

596 4301 616 4365 ²)
632 4304 676 4366 δίη]
695 4306 741 4353 κοί.
1425 4345 1427 4349 ,

596 4378 701 4442 ³)Hin0
718 4382 814 4445 incipit
832 4386 946 4433 secunda
963 4386 996 4433 de
1014 4387 1105 4433 eodem
1123 4389 1279 4446 argumento
1296 4385 1448 4445 disputatio.

593 4458 614 4521 4)
633 4463 696 4510 Post
712 4480 735 4510 τι
752 4465 845 4511 Κείοοῖ
862 4465 935 4512 addit
952 4468 995 4512 οὐκ
1013 4461 1045 4512 εδ.

596 4537 617 4603 ¹)
635 4541 675 4588 Of.
693 4542 707 4600 ξ
726 4544 749 4589 1.

596 4616 617 4683 ⁶)
636 4621 734 4667 cratini
757 4622 846 4670 fabula
867 4624 956 4671 Ulixes
979 4624 1050 4682 quod
1069 4624 1162 4671 ultimo
1179 4621 1244 4671 belli
1263 4622 1480 4681 Peloponnesiaoi
1496 4621 1609 4680 tempori
1626 4619 1785 4672 adscribitur,

563 4700 719 4746 manifestus
735 4703 775 4747 est
791 4702 886 4760 (ipsius
903 4699 1045 4764 Platoniii)
1063 4716 1143 4749 error,

597 4773 618 4835 ⁷)
636 4779 724 4824 Tertia
741 4779 773 4825 de
791 4780 881 4826 eadem
900 4794 928 4826 re
943 4781 1094 4841 disputatio.
1109 4782 1140 4827 In
1155 4794 1206 4840 qua
1221 4795 1287 4839 quae
1303 4781 1335 4827 de
1346 4779 1465 4840 personis
1473 4779 1596 4826 diountur
1604 4780 1697 4826 notatu
1706 4777 1785 4836 digna.

597 4852 619 4918 8)
636 4860 750 4903 λπιλιπιῑι
767 4859 878 4903 fortasse
896 4859 1075 4917 seribendum,
1093 4862 1164 4906 nerto
1182 4860 1208 4906 in
1226 4861 1240 4919 9
1259 4860 1273 4906 ‘1
1292 4861 1333 4906 est
1349 4859 1465 4905 λπίλιπον.
