4067 5950
694 823 775 868 vrrs
797 825 837 868 nn
861 822 1030 869 ornamus.
1436 809 1478 868 83

291 993 434 1055 Athenis
468 995 581 1056 autem
617 996 696 1056 dum
731 995 915 1057 discordiae
950 995 1010 1056 illa
1044 994 1150 1072 pestis
1181 996 1351 1057 saeviebat
1382 999 1417 1057 et
1448 997 1483 1056 in

247 1107 362 1168 Sicilia
395 1109 536 1170 militiae
571 1109 671 1170 robur
701 1125 721 1170 a
752 1110 847 1170 Nicia
877 1108 1056 1171 cunctandi
1087 1111 1159 1170 arte
1191 1109 1419 1185 exercebatur,
1449 1109 1485 1169 in

248 1219 383 1282 Oriente
413 1222 547 1283 fortuna
572 1222 805 1284 incautissime
829 1225 882 1284 est
908 1221 1077 1284 lacessita.
1108 1222 1194 1284 Nam
1225 1224 1313 1283 inter
1335 1223 1484 1284 Athenas

248 1336 283 1394 et
312 1334 461 1398 Persiam
492 1336 572 1397 licet
602 1351 669 1412 pax
699 1350 872 1410 nunquam
902 1336 1032 1412 publice
1060 1339 1151 1398 esset
1180 1337 1259 1412 icta,
1285 1338 1485 1398 convenerat

247 1450 364 1509 tamen
399 1449 477 1509 ante
511 1464 612 1510 unam
645 1449 713 1510 iere
744 1449 919 1510 hominum
952 1452 1101 1511 aetatem
1133 1452 1171 1510 ut
1190 1452 1316 1511 missos
1340 1450 1426 1511 inter
1448 1465 1485 1511 se

247 1561 411 1636 iacerent;
450 1562 675 1624 Athenienses
714 1561 859 1638 cyprum
893 1562 947 1624 rel
986 1564 1178 1640 Aegyptum
1217 1564 1344 1626 aliasve
1378 1566 1486 1625 terras

248 1676 338 1750 regis
368 1676 508 1751 imperio
540 1676 692 1737 subditas
722 1690 788 1737 non
824 1677 1003 1753 petituros,
1039 1677 1160 1739 Persas
1195 1692 1288 1738 mare
1323 1677 1485 1739 Graecum

249 1790 393 1850 navibus
427 1790 537 1866 longis
572 1805 637 1850 non
672 1791 833 1852 adituros.
871 1791 1015 1867 Quarum
1052 1791 1263 1853 induciarum
1296 1791 1373 1853 finis
1406 1794 1486 1853 tunc

248 1903 330 1978 fuit;
360 1918 439 1964 nam
470 1902 571 1965 (iares
600 1918 677 1964 cum
709 1919 729 1964 a
758 1903 873 1964 Persia
901 1904 1136 1980 descivissent,
1162 1905 1202 1965 ab
1225 1904 1487 1967 Atheniensibus

249 2019 330 2077 sunt
360 2017 472 2078 adiuti.
504 2016 780 2092 Redintegratum
811 2017 914 2091 igitur
945 2020 1017 2078 erat
1047 2017 1169 2079 bellum
1194 2019 1365 2080 Persicum
1381 2013 1417 2095 ¹),
1432 2063 1440 2080 .
1455 2063 1485 2080 ..

250 2132 283 2192 at
307 2131 392 2193 alter
414 2132 580 2193 Miltiades
603 2130 657 2191 rel
680 2129 924 2192 'themistocles
946 2130 1004 2191 ubi
1028 2133 1123 2193 erat?

295 2245 404 2306 Etiam
439 2249 516 2307 ante
551 2260 657 2306 annos
691 2245 864 2320 octoginta
897 2246 1125 2307 Athenienses
1162 2247 1326 2308 miserant
1358 2249 1484 2310 auxilia

250 2360 443 2420 hominibus
474 2359 623 2435 Asianis,
654 2358 711 2432 qui
741 2373 761 2418 a
784 2374 861 2433 rege
885 2358 1091 2434 deiecerant3
1117 2360 1202 2434 quod
1226 2361 1358 2423 lacinus
1382 2364 1484 2423 teme·

252 2474 380 2534 narium
415 2473 562 2548 ingentis
596 2471 685 2533 illius
721 2471 797 2532 belli
826 2470 889 2532 init
919 2472 1106 2534 exordium.
1131 2473 1238 2534 Aliter
1261 2488 1349 2534 nunc
1372 2478 1486 2549 gestae

250 2589 330 2646 sunt
366 2601 431 2647 res.
462 2586 574 2660 Neque
605 2585 695 2646 enirn
726 2584 981 2645 Atheniensium
1014 2585 1134 2646 civitas
1158 2587 1274 2648 eadem
1298 2591 1484 2664 manserat,

250 2714 359 2774 neque
392 2698 506 2760 Persia
539 2713 579 2760 ea
614 2698 716 2758 etlam
752 2700 825 2758 erat
860 2711 944 2773 quae
980 2697 1090 2759 iuerat
1124 2699 1185 2759 snb
1221 2698 1319 2761 Dario
1354 2699 1483 2776 Magno.

250 2812 336 2873 Aliis
367 2812 444 2873 telis
477 2814 577 2885 atque
603 2810 695 2870 illius
725 2810 851 2871 milites
881 2825 971 2871 nunc
1000 2812 1181 2873 utebantur
1212 2815 1365 2889 satrapae
1395 2813 1486 2875 Darii

250 2901 409 2999 Secundi3
435 2926 568 3003 „aurei”
592 2926 703 2986 autem
726 2923 959 3000 'lissaphernis
986 2927 1020 2986 et
1042 2925 1249 2988 Pharnabazi
1275 2927 1484 3003 „sagittarii”

249 3041 438 3102 assecuturi
474 3042 570 3101 erant
600 3054 753 3115 scopum,
786 3039 828 3099 ad
858 3054 957 3113 quern
988 3039 1115 3101 ierreae
1139 3040 1219 3101 olim
1243 3042 1396 3116 cuspides
1419 3057 1484 3103 non

247 3156 482 3232 pervenerant.
516 3154 764 3230 ,Verberonum
803 3154 856 3214 est
893 3168 974 3214 auro
1004 3153 1221 3216 barbarorum
1250 3154 1419 3217 inhiare!”
1451 3155 1484 3217 in

247 3267 522 3331 Achemensibus
562 3266 675 3329 tabula
716 3266 883 3327 clamabat
924 3266 1007 3328 civis
1050 3266 1106 3328 ills
1140 3266 1251 3329 iustus
1293 3270 1484 3345 patriaeque

247 3382 524 3445 amantissimus:
549 3414 590 3424 -
620 3380 706 3442 tales
741 3379 942 3441 verberones
976 3380 1097 3441 exinde
1128 3381 1162 3441 in
1197 3381 1352 3443 Graeciae
1386 3381 1485 3443 rebus

246 3496 464 3559 moderandis
493 3494 629 3555 luerunt
660 3493 836 3569 principes.
868 3492 958 3554 'Palis
988 3492 1126 3555 verbero
1155 3494 1345 3556 Alcibiades
1375 3495 1485 3556 iactus

246 3616 301 3675 est
327 3609 419 3687 exul,
442 3608 521 3670 talis
543 3608 680 3669 verbero
702 3607 767 3667 luit
790 3607 962 3681 Lysander
984 3607 1087 3680 Laco,
1111 3622 1211 3681 quem
1231 3608 1391 3669 Brasidae
1412 3623 1484 3668 con·

246 3726 403 3787 siliorum
437 3722 594 3783 heredem
628 3722 707 3783 iecit
742 3720 895 3794 iortuna;
930 3719 1008 3781 talis
1043 3721 1181 3782 verbero
1213 3721 1278 3782 luit
1308 3720 1487 3783 clearchus

246 3838 321 3913 ille,
358 3852 458 3912 quem
493 3851 511 3896 e
545 3833 777 3909 Xenophontis
810 3832 959 3894 Anabasi
993 3836 1118 3894 norunt
1153 3848 1284 3910 omnes,
1320 3835 1385 3896 luit
1413 3837 1485 3909 ipse

247 3950 453 4025 Xenophon3
478 3949 558 4010 talis
580 3947 719 4010 verbero
743 3962 906 4008 evasurus
929 3949 1001 4007 erat
1025 3945 1138 4008 (ionon
1162 3962 1307 4022 magnus
1327 3949 1407 4023 dux,
1433 3948 1486 4008 cui

247 4066 289 4126 ad
316 4064 524 4125 Athenarum
547 4077 662 4124 muros
687 4062 911 4122 restituendos
935 4064 1070 4122 sumtus
1093 4060 1170 4123 iecit
1193 4062 1326 4122 Persiae
1347 4076 1416 4121 rex.

293 4289 471 4367 Expeditic
506 4288 617 4350 Sicula
647 4287 748 4349 tertio
783 4302 871 4347 anno
906 4290 1083 4363 postquam
1123 4289 1240 4362 coepta
1275 4288 1327 4347 est
1357 4288 1485 4348 exitum

247 4404 370 4466 habuit
400 4403 661 4464 atrocissimum.
692 4400 729 4460 In
761 4400 829 4461 oris
859 4399 1049 4474 longinquis
1079 4400 1183 4460 maris
1207 4399 1422 4460 occidentalis
1445 4400 1484 4460 ad

247 4516 515 4578 internecionem
546 4530 651 4588 usque
681 4499 830 4580 deletum
854 4527 930 4573 esse
957 4512 1082 4573 Xerxis
1105 4513 1290 4574 exercitum
1315 4511 1485 4587 ingentem

247 4632 332 4692 olim
368 4627 513 4690 tinxerat
546 4622 748 4705 Aeschylus,
785 4628 909 4689 civium
940 4628 1116 4689 victoriam
1151 4629 1184 4688 in
1220 4628 1330 4689 maius
1362 4642 1487 4702 augens

282 4874 304 4941 ι)
323 4875 452 4924 annone.
468 4876 510 4924 111
527 4876 542 4936 r
560 4877 599 4923 aa.
