4067 5950
590 789 654 849 lca
1105 804 1147 850 mr
1170 803 1295 850 roam

586 977 622 1036 in
652 976 745 1051 parte
775 975 898 1036 clarius
929 975 1031 1036 etiam
1062 991 1163 1049 quarn
1193 977 1228 1036 ln
1252 975 1359 1050 priore
1382 979 1520 1053 apparet
1541 978 1713 1040 interimis
1740 982 1819 1042 artis

587 1091 651 1150 hoc
673 1103 747 1150 esse
771 1091 890 1164 poetae
912 1103 995 1164 opus
1018 1103 1119 1164 quam
1143 1087 1357 1152 Feminarum
1379 1091 1573 1166 immrium.
1597 1093 1682 1154 Nam
1708 1094 1746 1154 in
1767 1094 1820 1154 illo

588 1205 696 1265 multo
719 1203 850 1279 parcius
873 1200 1105 1278 disputabatur
1128 1217 1226 1276 quam
1252 1219 1339 1266 nunc
1362 1202 1400 1264 iit
1422 1205 1457 1266 in
1481 1221 1569 1268 nova
1587 1206 1718 1288 fabula,
1740 1223 1821 1282 quae

588 1318 725 1380 Laboris
766 1317 866 1379 habet
907 1318 1002 1379 deam
1046 1319 1331 1380 demonstrantem
1366 1318 1509 1381 ultimae
1543 1320 1712 1382 stultitiae
1751 1337 1822 1382 esse

588 1441 702 1508 optare
730 1433 768 1493 nt
799 1431 922 1492 divites
951 1428 1034 1494 ilant
1065 1447 1182 1494 omnes
1212 1433 1380 1510 homines,
1404 1433 1439 1495 et
1460 1434 1587 1510 optime
1609 1435 1749 1509 quidem
1773 1435 1819 1495 de-

587 1549 850 1621 monstrantem
881 1545 916 1606 in
946 1545 1158 1607 Feminarum
1192 1549 1304 1608 autem
1335 1547 1480 1623 Imperio
1504 1549 1568 1609 etsi
1591 1564 1658 1610 non
1682 1550 1819 1610 deerant

588 1663 646 1737 qui
661 1661 870 1735 Praxagorae
890 1659 1039 1720 consiliis
1059 1660 1316 1734 obloquerentur
1336 1661 1585 1740 aliquantisper,
1605 1678 1687 1724 mox
1706 1666 1820 1724 tamen

588 1774 850 1850 argumentando
869 1773 948 1834 vieti
971 1788 1079 1835 novae
1101 1775 1260 1836 scientiae
1283 1775 1408 1836 dabant
1430 1791 1568 1837 manus:
1591 1776 1816 1835 -ettamen

588 1891 624 1948 in
651 1889 744 1950 exitu
774 1887 988 1949 Feminarum
1014 1887 1150 1963 Imperii
1174 1889 1415 1964 spectatoribus
1438 1904 1503 1950 non
1526 1887 1637 1965 potuit
1658 1902 1727 1948 non
1752 1903 1818 1963 per·

589 2017 725 2064 suasum
755 2015 829 2062 esse
858 2017 1019 2063 novarum
1043 2016 1155 2063 rerum
1178 2000 1280 2063 finem
1303 2003 1373 2064 iore
1393 2001 1590 2076 quantocius
1612 2003 1646 2062 et
1667 2001 1815 2076 priscum

588 2115 733 2177 civitatis
768 2116 918 2189 regimen
952 2116 1144 2177 restitutum
1178 2115 1233 2193 iri,
1270 2117 1304 2176 in
1334 2116 1424 2177 Pluti
1454 2130 1533 2177 uero
1562 2115 1695 2176 rabulae
1726 2115 1816 2175 exitu

587 2230 664 2304 quid
687 2231 859 2291 censerent
880 2230 1106 2293 nesciverunt.
1130 2230 1256 2291 Desinit
1279 2231 1373 2307 haec,
1398 2245 1463 2292 non
1488 2230 1663 2292 clauditur.

632 2343 742 2405 Etiam
771 2342 923 2418 Virgines
954 2343 1111 2405 Libentes
1141 2346 1258 2406 drama
1286 2343 1509 2418 Aeschyleum
1537 2343 1688 2405 clausula
1711 2346 1814 2418 caret,

587 2458 717 2520 ultimis
740 2458 828 2519 enirn
851 2458 962 2519 verbis
985 2459 1107 2520 chorus
1130 2461 1227 2533 rogat
1248 2473 1406 2534 quorsum
1429 2458 1564 2519 tandem
1588 2473 1735 2519 evasura
1754 2458 1817 2517 sint

588 2572 814 2632 haecomnia.
839 2571 901 2632 Sed
925 2573 1109 2634 mediaest
1132 2573 1214 2634 haec
1236 2572 1424 2635 tabularum
1446 2572 1549 2633 trium
1573 2574 1645 2632 arie
1668 2571 1761 2632 inter
1781 2586 1813 2629 se

586 2684 833 2745 cohaerentium
865 2684 898 2744 et
928 2685 1082 2760 deinceps
1105 2687 1271 2764 actarum,
1303 2701 1442 2760 quarum
1466 2687 1638 2762 postrema
1660 2685 1703 2746 ad
1726 2683 1812 2745 chori

584 2797 678 2858 illam
701 2797 929 2872 quaestionem
953 2798 1180 2873 respondetur.
1205 2799 1323 2859 Plutus
1341 2815 1419 2861 vero
1436 2799 1548 2860 tabula
1566 2799 1724 2873 quoniam
1745 2796 1811 2858 sola

585 2924 642 2986 per
664 2925 701 2971 se
723 2912 901 2987 spectatur,
926 2910 1073 2987 perfecta
1095 2914 1129 2972 et
1152 2912 1307 2972 absoluta
1329 2911 1480 2972 videatur
1503 2914 1643 2989 oportet.
1855 2913 1856 2967 i

628 3028 699 3088 lion
730 3025 872 3086 videtur.
894 3026 1011 3087 Plutus
1035 3027 1115 3086 deus
1138 3028 1316 3102 postquam
1340 3042 1382 3087 ex
1405 3026 1575 3087 oculorum
1598 3024 1717 3087 morbo
1741 3040 1809 3086 oon·
1854 3010 1855 3064 l

583 3142 703 3218 valuit,
735 3139 824 3199 inter
853 3138 1012 3200 mortales
1042 3138 1153 3199 nullus
1186 3141 1240 3199 est
1270 3139 1325 3212 qui
1355 3139 1434 3199 deos
1467 3139 1570 3199 etiam
1606 3138 1709 3215 colat,
1746 3152 1806 3199 non
1853 3124 1854 3160 r

581 3256 672 3317 enim
707 3253 896 3316 desiderant
929 3267 1013 3326 quae
1049 3251 1089 3313 ab
1121 3252 1163 3313 iis
1193 3254 1328 3327 petant;
1360 3266 1466 3313 vacua
1495 3252 1692 3327 desertaque
1720 3253 1807 3312 stant

581 3369 720 3445 templa,
751 3367 904 3428 esuriunt
932 3367 1137 3442 sacerdotes,
1170 3367 1240 3441 ipse
1270 3366 1452 3428 Mercurius
1482 3366 1640 3427 caelitum
1672 3367 1806 3427 nuntius
1850 3420 1851 3450 .

581 3485 622 3544 ab
649 3482 794 3544 hominis
824 3480 938 3540 divitis
961 3480 1105 3540 ianitore
1129 3480 1191 3541 oibi
1214 3478 1337 3553 aliquid
1361 3480 1446 3555 petit
1469 3479 1620 3555 supplex.
1646 3479 1804 3556 Quorsum
1849 3514 1850 3544 r

581 3612 659 3658 vero
689 3597 770 3655 haec
800 3591 938 3654 omnia?
969 3592 1091 3667 Ecquid
1115 3594 1279 3668 indignari
1305 3593 1370 3653 ista
1394 3592 1448 3655 vel
1471 3594 1580 3655 dolere
1603 3596 1804 3669 spectatores
1848 3600 1849 3642 l

578 3713 671 3771 iubet
703 3709 824 3785 poeta?
853 3706 989 3767 Minime
1019 3708 1148 3768 rerumi
1182 3706 1218 3766 Id
1249 3722 1354 3768 unum
1385 3707 1455 3782 agit
1485 3709 1522 3767 ut
1543 3707 1686 3768 hilarum
1710 3709 1803 3780 atque
1846 3686 1848 3769 ,¹

579 3825 705 3885 clarum
736 3823 843 3882 risum
872 3821 915 3880 iis
945 3824 1093 3895 moreat,
1127 3823 1161 3881 et
1185 3821 1309 3882 dudum
1333 3823 1456 3881 norunt
1479 3835 1596 3881 omnes
1619 3819 1801 3882 cuiusmodi

579 3940 610 3999 ei
640 3938 686 3997 sit
715 3950 794 4011 erga
824 3934 996 4009 Olympios
1027 3935 1224 3996 reverentia.
1255 3935 1350 3995 Nunc
1380 3950 1523 4009 quoque,
1555 3936 1593 3994 ut
1622 3934 1657 3994 in
1683 3936 1800 3995 Avium
1844 3938 1845 4028 l

579 4051 711 4113 fabulae
735 4050 841 4123 exitu,
865 4049 975 4123 patuit
999 4048 1173 4109 caelicolas
1196 4048 1388 4110 hominibus
1412 4047 1547 4109 inutiles
1565 4062 1639 4108 esse
1658 4050 1692 4107 et
1710 4048 1801 4123 plane

580 4176 854 4239 supervacaneos.

624 4277 741 4339 Cetera
774 4291 857 4349 quae
891 4273 991 4336 habet
1020 4289 1129 4336 rerum
1162 4276 1290 4351 species
1321 4277 1467 4352 mutata,
1501 4276 1673 4336 testantur
1706 4275 1796 4336 deum

578 4392 773 4467 Delphicum
815 4387 991 4464 Chremylo
1034 4389 1160 4464 optima
1194 4390 1352 4450 suasisse.
1388 4389 1503 4449 Finem
1539 4389 1627 4449 enirn
1664 4389 1718 4449 hic
1753 4388 1798 4449 est

578 4507 767 4579 assecutus,
802 4518 901 4577 quem
930 4503 1076 4577 petebat:
1109 4502 1203 4563 dives
1234 4506 1299 4579 est,
1334 4502 1450 4579 epulas
1473 4502 1612 4563 instruit
1635 4503 1796 4577 opiparas,

577 4622 612 4680 et
644 4618 727 4693 ipsis
760 4616 832 4679 eius
861 4617 1035 4691 mancipiis
1066 4631 1104 4676 ea
1134 4617 1186 4676 est
1215 4617 1385 4692 opulentia
1414 4618 1453 4676 ut
1478 4616 1590 4676 aureis
1612 4629 1672 4690 par
1693 4616 1796 4690 impar

577 4734 703 4794 ludant.
727 4731 822 4791 Alius
845 4731 978 4804 quidam
999 4730 1050 4790 uir
1069 4730 1207 4806 probus,
1228 4730 1284 4804 qui
1303 4732 1384 4792 item
1403 4730 1635 4805 pauperrimus
1654 4729 1710 4789 diu
1728 4728 1792 4800 duit,

578 4862 667 4908 nunc
696 4844 805 4907 subito
836 4844 962 4906 ditatus
991 4845 1032 4906 ad
1063 4844 1135 4905 eius
1165 4845 1300 4906 domum
1333 4844 1470 4921 accedit,
1496 4845 1534 4904 ut
1567 4842 1664 4903 Pluto
1687 4844 1792 4919 grates
