4067 5950
752 743 831 788 vrrA
855 745 893 789 ΕΤ
918 747 1086 792 OPERIBUS.

887 1076 945 1140 III.

346 1256 517 1331 Nusquam
538 1270 616 1317 vero
636 1255 747 1315 minus
767 1254 921 1316 valebant
940 1256 1001 1316 bae
1021 1255 1272 1317 contentionum
1293 1269 1412 1316 causae
1431 1270 1531 1329 quam

301 1371 335 1429 in
356 1368 540 1445 re'publica
558 1367 906 1428 Lacedaemoniorum.
927 1368 1073 1443 Quorum
1089 1383 1163 1428 sors
1181 1366 1328 1429 strictim
1348 1369 1382 1427 et
1401 1367 1532 1428 eminus

300 1480 528 1558 spectantibus
548 1480 630 1541 felix
649 1481 754 1541 videri
772 1483 916 1558 poterat,
938 1495 1003 1542 non
1025 1481 1106 1541 viris
1126 1481 1160 1541 in
1179 1481 1268 1555 ipsas
1287 1495 1399 1541 rerum
1412 1495 1531 1541 111111

300 1594 434 1656 1111118
445 1593 698 1669 inquirentibus.
711 1595 739 1654 N
741 1609 783 1655 on
796 1594 884 1655 enim
893 1593 1014 1654 virium
1028 1593 1258 1667 aequilibrium
1269 1593 1533 1669 sanguinemque

301 1710 383 1770 bene
406 1711 630 1782 temperatum
654 1708 712 1768 sed
737 1708 908 1768 cerebrum
931 1721 1127 1782 oppressum
1146 1705 1334 1766 testabatur
1352 1705 1443 1766 lenta
1461 1707 1531 1782 pul-

300 1822 401 1898 satio,
421 1837 485 1895 qua
504 1837 562 1897 per
581 1821 672 1882 illius
692 1821 841 1882 civitatis
861 1835 979 1896 corpus
998 1819 1243 1896 propellebatur
1261 1819 1408 1894 sanguis.
1420 1820 1531 1892 Neque

299 1937 430 2012 poterat
460 1935 493 1996 in
523 1935 601 1996 fatis
633 1950 708 1996 esse
737 1938 775 1996 ut
805 1934 896 1995 illius
927 1934 1100 2010 Graeciae,
1132 1948 1216 2008 quae
1246 1933 1366 1994 Persas
1389 1933 1530 1993 ulterius

299 2047 450 2122 progredi
481 2049 632 2108 vetuerat
663 2051 696 2108 et
727 2063 747 2108 a
777 2047 882 2108 maris
912 2049 979 2108 cris
1006 2051 1079 2108 erat
1105 2047 1291 2123 repulsura,
1317 2049 1415 2121 caput
1437 2044 1532 2108 fieret

300 2161 429 2235 Sparta.
461 2161 664 2223 Tabescebct
695 2164 793 2224 baec:
818 2163 999 2224 haerebant
1023 2163 1056 2222 in
1079 2163 1152 2224 eius
1175 2161 1358 2222 visceribus
1381 2162 1532 2235 germina

301 2274 409 2334 morbi
431 2276 520 2336 vires
544 2276 670 2336 sensim
695 2276 894 2338 absumturi.
918 2278 981 2338 Per
1004 2291 1065 2337 sex
1087 2278 1154 2337 iam
1178 2275 1313 2337 saecula
1335 2274 1368 2334 in
1389 2273 1530 2334 Eurotae

300 2388 387 2449 valle
418 2389 577 2450 dominati
607 2393 702 2451 erant
733 2391 932 2467 Spartiatae,
965 2391 1107 2451 necdum
1131 2405 1231 2450 verus
1261 2388 1402 2465 populus
1425 2404 1467 2448 ex
1490 2389 1532 2448 iis

298 2501 476 2578 prodierat,
497 2503 555 2564 sed
575 2503 677 2565 etiam
697 2519 784 2564 nunc
802 2504 871 2565 illio
891 2505 924 2565 in
940 2504 1076 2564 stativis
1088 2502 1383 2579 peregrinabantur
1394 2501 1530 2562 milites.

297 2617 371 2677 Non
400 2617 515 2678 rubore
540 2622 709 2678 aratorum
734 2618 846 2678 natale
869 2633 967 2679 suum
991 2618 1101 2678 solum
1125 2616 1340 2678 incolentium
1364 2615 1534 2676 nitebatur

299 2732 439 2805 Spartae
469 2735 630 2808 potestas,
670 2732 726 2792 sed
758 2731 861 2792 armis
888 2732 1088 2792 bellatorum
1123 2745 1189 2791 non
1224 2744 1362 2790 numero
1396 2729 1453 2790 sed
1484 2729 1532 2789 rei

299 2845 458 2904 militaris
487 2846 604 2918 peritia
635 2847 675 2905 ei
699 2844 891 2905 fortitudine
918 2845 1101 2904 valentium
1126 2845 1231 2918 adque
1254 2842 1380 2918 praelia
1402 2855 1533 2915 semper

298 2960 502 3032 paratorum.
533 2957 577 3018 Hi
606 2957 780 3033 indigenas
810 2957 844 3019 in
875 2959 964 3019 terra
986 2957 1067 3019 olim
1090 2957 1132 3018 iis
1156 2959 1267 3033 erepta
1290 2955 1531 3030 mancipiorum

299 3072 642 3133 contemtissimorum
679 3076 713 3133 et
748 3074 806 3132 1111
839 3074 1014 3133 hominum
1050 3072 1122 3133 loco
1153 3070 1334 3146 habebant,
1370 3084 1412 3130 ne
1446 3068 1533 3128 tanti

298 3185 432 3259 quidem
463 3186 623 3247 iacientes
654 3187 770 3261 quanti
797 3201 932 3262 pecora;
964 3200 1043 3246 nam
1075 3185 1194 3246 bestiis
1224 3184 1417 3245 domesticis
1447 3184 1534 3244 solet

298 3298 401 3375 parci,
427 3299 484 3359 sed
507 3299 695 3360 helotarum
719 3300 908 3360 decrescere
931 3314 1031 3373 quam
1056 3313 1204 3359 crescere
1227 3313 1404 3358 numerum
1425 3298 1533 3357 satius

299 3411 482 3472 videbatur.
515 3411 574 3487 Qui
605 3414 742 3474 tandem
774 3415 939 3490 potuisset
969 3413 1042 3475 fieri
1069 3415 1107 3474 ut
1130 3412 1262 3474 iloreret
1284 3415 1318 3473 11
1341 3415 1535 3486 augesceret

298 3539 337 3584 11
361 3524 494 3601 1111111,
519 3526 613 3587 11118
633 3527 733 3588 duces
753 3529 935 3604 11111424,
956 3530 1030 3589 tum
1051 3543 1128 3588 oum
1148 3526 1272 3587 bellum
1291 3526 1533 3600 gravissimum

297 3652 415 3711 parum
439 3654 592 3715 prospere
616 3641 801 3715 gerebatur,
827 3642 889 3703 duo
914 3642 1008 3702 milia
1028 3640 1215 3702 helotarum
1235 3640 1268 3699 in
1289 3639 1411 3699 militia
1429 3653 1534 3714 nuper

298 3755 433 3811 strenue
457 3756 665 3815 versaturum
698 3756 783 3815 clam
812 3759 846 3816 11
868 3771 926 3830 per
949 3755 1102 3815 fraudem
1125 3755 1359 3828 turpissimam
1385 3754 1535 3814 emedio

298 3863 461 3925 tollendos
495 3871 663 3928 curarunt.
706 3868 849 3929 Placidis
884 3869 995 3929 verbis
1038 3883 1111 3930 rem
1145 3868 1278 3928 rettulit
1311 3866 1535 3943 Thucydides,

299 3982 413 4055 utpote
444 3980 583 4041 minime
613 3982 798 4042 inauditam
831 3982 1001 4043 credituve
1032 3981 1199 4041 difficilem
1218 3976 1254 4057 ¹),
1279 3983 1313 4041 et
1337 3981 1403 4042 alia
1426 3981 1537 4040 111118-

299 4094 425 4155 cemodi
450 4095 655 4155 crudelitatis
668 4096 911 4170 Spartiatarum
925 4096 1081 4171 exempla
1092 4098 1238 4171 possunt
1248 4095 1398 4170 proferri.
1412 4095 1538 4169 Nempe

300 4208 408 4282 magis
428 4208 625 4268 metuebant
645 4208 832 4282 Spartiatae
853 4209 981 4269 belotae
993 4209 1071 4282 quid
1083 4209 1206 4269 armati
1219 4211 1372 4269 valerent
1384 4210 1538 4283 expertos

300 4334 398 4392 quam
429 4321 520 4394 ipsos
551 4320 667 4381 hostes
698 4324 888 4383 extraneos.
920 4324 965 4383 At
988 4324 1079 4383 viros
1109 4324 1164 4397 qui
1194 4323 1324 4384 fortiter
1345 4339 1404 4399 pro
1427 4322 1536 4396 patria

299 4432 502 4493 dimicarunt
531 4449 588 4509 per
618 4434 756 4495 insidias
787 4451 906 4497 necare
937 4436 992 4496 ubi
1023 4437 1151 4497 civibus
1180 4452 1246 4498 non
1270 4438 1379 4497 solum
1403 4436 1531 4496 licitum

300 4546 357 4605 sed
389 4550 423 4607 11
455 4547 602 4608 11111111
633 4551 732 4622 atque
756 4550 983 4611 necessarium
1009 4551 1149 4627 videtur,
1175 4550 1219 4610 ibi
1241 4551 1347 4611 instat
1369 4550 1533 4623 nemesis;

337 4774 356 4839 1)
376 4780 457 4827 unco.
475 4780 510 4828 11
528 4782 568 4829 eo.
