<?xml version="1.0" encoding="UTF-8"?>
<!DOCTYPE html PUBLIC "-//W3C//DTD XHTML 1.0 Transitional//EN"
    "http://www.w3.org/TR/xhtml1/DTD/xhtml1-transitional.dtd">
<html xmlns="http://www.w3.org/1999/xhtml" xml:lang="en" lang="en">
 <head>
  <title>
</title>
<meta http-equiv="Content-Type" content="text/html;charset=utf-8" />
  <meta name='ocr-system' content='tesseract 3.04.00' />
  <meta name='ocr-capabilities' content='ocr_page ocr_carea ocr_par ocr_line ocrx_word'/>
</head>
<body>
  <div class='ocr_page' id='page_1' title='image "./prolegomenaadar01unkngoog/prolegomenaadar01unkngoog_0017.png"; bbox 0 0 4067 5950; ppageno 0'>
   <div class='ocr_carea' id='block_1_1' title="bbox 749 748 1529 807">
    <p class='ocr_par' dir='ltr' id='par_1_1' title="bbox 749 748 1529 807">
     <span class='ocr_line' id='line_1_1' title="bbox 749 748 1529 807; baseline 0.004 -3"><span class='ocrx_word' id='word_1_1' title='bbox 749 761 828 806; x_wconf 70' lang='lat' dir='ltr'>vrrs</span> <span class='ocrx_word' id='word_1_2' title='bbox 853 763 891 805; x_wconf 82' lang='lat' dir='ltr'>un</span> <span class='ocrx_word' id='word_1_3' title='bbox 915 761 1082 806; x_wconf 70' lang='lat' dir='ltr'>onustans.</span> <span class='ocrx_word' id='word_1_4' title='bbox 1510 748 1529 807; x_wconf 83' lang='lat'>5</span> 
     </span>
    </p>
   </div>
   <div class='ocr_carea' id='block_1_2' title="bbox 299 929 1538 4862">
    <p class='ocr_par' dir='ltr' id='par_1_2' title="bbox 299 929 1535 2008">
     <span class='ocr_line' id='line_1_2' title="bbox 301 929 1535 1007; baseline 0.003 -20"><span class='ocrx_word' id='word_1_5' title='bbox 301 929 336 988; x_wconf 90' lang='lat' dir='ltr'>ln</span> <span class='ocrx_word' id='word_1_6' title='bbox 367 929 449 990; x_wconf 91' lang='lat' dir='ltr'>locis</span> <span class='ocrx_word' id='word_1_7' title='bbox 478 932 664 992; x_wconf 80' lang='lat' dir='ltr'>montuosis</span> <span class='ocrx_word' id='word_1_8' title='bbox 695 932 887 1006; x_wconf 88' lang='lat' dir='ltr'>collocatos,</span> <span class='ocrx_word' id='word_1_9' title='bbox 921 931 977 992; x_wconf 92' lang='lat' dir='ltr'>ubi</span> <span class='ocrx_word' id='word_1_10' title='bbox 1007 937 1064 993; x_wconf 80' lang='lat' dir='ltr'>aer</span> <span class='ocrx_word' id='word_1_11' title='bbox 1090 946 1193 1007; x_wconf 88' lang='lat' dir='ltr'>purus</span> <span class='ocrx_word' id='word_1_12' title='bbox 1216 932 1250 992; x_wconf 90' lang='lat' dir='ltr'>et</span> <span class='ocrx_word' id='word_1_13' title='bbox 1272 931 1386 992; x_wconf 89' lang='lat' dir='ltr'>tenuis</span> <span class='ocrx_word' id='word_1_14' title='bbox 1408 933 1535 1007; x_wconf 77' lang='lat' dir='ltr'>peperit</span> 
     </span>
     <span class='ocr_line' id='line_1_3' title="bbox 302 1043 1532 1120; baseline 0.004 -20"><span class='ocrx_word' id='word_1_15' title='bbox 302 1043 437 1114; x_wconf 86' lang='lat' dir='ltr'>gentem</span> <span class='ocrx_word' id='word_1_16' title='bbox 456 1047 628 1103; x_wconf 87' lang='lat' dir='ltr'>strenuam</span> <span class='ocrx_word' id='word_1_17' title='bbox 648 1045 778 1118; x_wconf 90' lang='lat' dir='ltr'>quidem</span> <span class='ocrx_word' id='word_1_18' title='bbox 792 1045 825 1104; x_wconf 87' lang='lat' dir='ltr'>et</span> <span class='ocrx_word' id='word_1_19' title='bbox 835 1044 997 1118; x_wconf 83' lang='lat' dir='ltr'>frugalem</span> <span class='ocrx_word' id='word_1_20' title='bbox 1010 1043 1225 1118; x_wconf 85' lang='lat' dir='ltr'>laborumque</span> <span class='ocrx_word' id='word_1_21' title='bbox 1237 1043 1532 1120; x_wconf 87' lang='lat' dir='ltr'>patientissimam,</span> 
     </span>
     <span class='ocr_line' id='line_1_4' title="bbox 301 1154 1530 1235; baseline 0.004 -22"><span class='ocrx_word' id='word_1_22' title='bbox 301 1154 360 1214; x_wconf 90' lang='lat' dir='ltr'>sed</span> <span class='ocrx_word' id='word_1_23' title='bbox 378 1155 556 1216; x_wconf 82' lang='lat' dir='ltr'>diremtum</span> <span class='ocrx_word' id='word_1_24' title='bbox 574 1157 607 1216; x_wconf 93' lang='lat' dir='ltr'>in</span> <span class='ocrx_word' id='word_1_25' title='bbox 627 1158 678 1217; x_wconf 91' lang='lat' dir='ltr'>tot</span> <span class='ocrx_word' id='word_1_26' title='bbox 696 1157 850 1218; x_wconf 88' lang='lat' dir='ltr'>civitates</span> <span class='ocrx_word' id='word_1_27' title='bbox 869 1161 948 1230; x_wconf 86' lang='lat' dir='ltr'>quot</span> <span class='ocrx_word' id='word_1_28' title='bbox 966 1157 1095 1218; x_wconf 90' lang='lat' dir='ltr'>insulae</span> <span class='ocrx_word' id='word_1_29' title='bbox 1114 1170 1172 1232; x_wconf 90' lang='lat' dir='ltr'>per</span> <span class='ocrx_word' id='word_1_30' title='bbox 1184 1157 1278 1217; x_wconf 88' lang='lat' dir='ltr'>sinus</span> <span class='ocrx_word' id='word_1_31' title='bbox 1289 1159 1530 1235; x_wconf 84' lang='lat' dir='ltr'>suntsparsae,</span> 
     </span>
     <span class='ocr_line' id='line_1_5' title="bbox 301 1268 1531 1346; baseline 0.004 -20"><span class='ocrx_word' id='word_1_32' title='bbox 301 1269 383 1340; x_wconf 88' lang='lat' dir='ltr'>quot</span> <span class='ocrx_word' id='word_1_33' title='bbox 413 1268 517 1328; x_wconf 87' lang='lat' dir='ltr'>valles</span> <span class='ocrx_word' id='word_1_34' title='bbox 551 1269 638 1329; x_wconf 88' lang='lat' dir='ltr'>inter</span> <span class='ocrx_word' id='word_1_35' title='bbox 671 1270 791 1346; x_wconf 88' lang='lat' dir='ltr'>saltus,</span> <span class='ocrx_word' id='word_1_36' title='bbox 830 1272 911 1343; x_wconf 94' lang='lat' dir='ltr'>quot</span> <span class='ocrx_word' id='word_1_37' title='bbox 947 1269 1124 1331; x_wconf 90' lang='lat' dir='ltr'>fluminum</span> <span class='ocrx_word' id='word_1_38' title='bbox 1155 1269 1236 1345; x_wconf 84' lang='lat' dir='ltr'>ripis</span> <span class='ocrx_word' id='word_1_39' title='bbox 1270 1269 1421 1330; x_wconf 87' lang='lat' dir='ltr'>adiacent</span> <span class='ocrx_word' id='word_1_40' title='bbox 1449 1286 1531 1332; x_wconf 87' lang='lat' dir='ltr'>arva</span> 
     </span>
     <span class='ocr_line' id='line_1_6' title="bbox 299 1381 1531 1458; baseline 0.005 -18"><span class='ocrx_word' id='word_1_41' title='bbox 299 1381 434 1442; x_wconf 84' lang='lat' dir='ltr'>feracia.</span> <span class='ocrx_word' id='word_1_42' title='bbox 462 1381 607 1456; x_wconf 77' lang='lat' dir='ltr'>Quarum</span> <span class='ocrx_word' id='word_1_43' title='bbox 636 1398 760 1457; x_wconf 81' lang='lat' dir='ltr'>paucae</span> <span class='ocrx_word' id='word_1_44' title='bbox 788 1384 950 1458; x_wconf 88' lang='lat' dir='ltr'>quaedam</span> <span class='ocrx_word' id='word_1_45' title='bbox 979 1386 1107 1444; x_wconf 84' lang='lat' dir='ltr'>ceteras</span> <span class='ocrx_word' id='word_1_46' title='bbox 1137 1384 1262 1445; x_wconf 89' lang='lat' dir='ltr'>sensim</span> <span class='ocrx_word' id='word_1_47' title='bbox 1288 1383 1353 1443; x_wconf 91' lang='lat' dir='ltr'>sibl</span> <span class='ocrx_word' id='word_1_48' title='bbox 1376 1384 1531 1446; x_wconf 87' lang='lat' dir='ltr'>adiunxe-</span> 
     </span>
     <span class='ocr_line' id='line_1_7' title="bbox 300 1495 1531 1573; baseline 0.005 -21"><span class='ocrx_word' id='word_1_49' title='bbox 300 1496 380 1553; x_wconf 86' lang='lat' dir='ltr'>runt</span> <span class='ocrx_word' id='word_1_50' title='bbox 413 1495 466 1556; x_wconf 91' lang='lat' dir='ltr'>vel</span> <span class='ocrx_word' id='word_1_51' title='bbox 504 1495 725 1572; x_wconf 88' lang='lat' dir='ltr'>subiecerunt,</span> <span class='ocrx_word' id='word_1_52' title='bbox 765 1497 821 1557; x_wconf 92' lang='lat' dir='ltr'>sed</span> <span class='ocrx_word' id='word_1_53' title='bbox 856 1512 922 1557; x_wconf 91' lang='lat' dir='ltr'>non</span> <span class='ocrx_word' id='word_1_54' title='bbox 957 1498 1049 1557; x_wconf 89' lang='lat' dir='ltr'>venit</span> <span class='ocrx_word' id='word_1_55' title='bbox 1086 1499 1221 1571; x_wconf 89' lang='lat' dir='ltr'>tempus</span> <span class='ocrx_word' id='word_1_56' title='bbox 1251 1512 1316 1571; x_wconf 94' lang='lat' dir='ltr'>quo</span> <span class='ocrx_word' id='word_1_57' title='bbox 1353 1500 1387 1558; x_wconf 89' lang='lat' dir='ltr'>et</span> <span class='ocrx_word' id='word_1_58' title='bbox 1421 1498 1531 1573; x_wconf 88' lang='lat' dir='ltr'>capita</span> 
     </span>
     <span class='ocr_line' id='line_1_8' title="bbox 299 1605 1530 1685; baseline 0.005 -20"><span class='ocrx_word' id='word_1_59' title='bbox 299 1605 359 1666; x_wconf 89' lang='lat' dir='ltr'>illa</span> <span class='ocrx_word' id='word_1_60' title='bbox 389 1607 422 1666; x_wconf 93' lang='lat' dir='ltr'>in</span> <span class='ocrx_word' id='word_1_61' title='bbox 452 1622 555 1668; x_wconf 89' lang='lat' dir='ltr'>unam</span> <span class='ocrx_word' id='word_1_62' title='bbox 585 1609 822 1685; x_wconf 83' lang='lat' dir='ltr'>rempublicam</span> <span class='ocrx_word' id='word_1_63' title='bbox 854 1610 980 1671; x_wconf 80' lang='lat' dir='ltr'>coirent</span> <span class='ocrx_word' id='word_1_64' title='bbox 1012 1611 1148 1671; x_wconf 87' lang='lat' dir='ltr'>cuncta:</span> <span class='ocrx_word' id='word_1_65' title='bbox 1179 1612 1217 1669; x_wconf 90' lang='lat' dir='ltr'>ut</span> <span class='ocrx_word' id='word_1_66' title='bbox 1247 1609 1393 1670; x_wconf 89' lang='lat' dir='ltr'>decrevit</span> <span class='ocrx_word' id='word_1_67' title='bbox 1416 1624 1530 1671; x_wconf 87' lang='lat' dir='ltr'>eorum</span> 
     </span>
     <span class='ocr_line' id='line_1_9' title="bbox 300 1722 1532 1799; baseline 0.003 -21"><span class='ocrx_word' id='word_1_68' title='bbox 300 1734 474 1797; x_wconf 87' lang='lat' dir='ltr'>numerus,</span> <span class='ocrx_word' id='word_1_69' title='bbox 503 1722 551 1782; x_wconf 90' lang='lat' dir='ltr'>sic</span> <span class='ocrx_word' id='word_1_70' title='bbox 574 1722 678 1782; x_wconf 88' lang='lat' dir='ltr'>crevit</span> <span class='ocrx_word' id='word_1_71' title='bbox 701 1722 895 1799; x_wconf 88' lang='lat' dir='ltr'>aemulatio,</span> <span class='ocrx_word' id='word_1_72' title='bbox 920 1723 1023 1784; x_wconf 89' lang='lat' dir='ltr'>donec</span> <span class='ocrx_word' id='word_1_73' title='bbox 1046 1723 1165 1783; x_wconf 90' lang='lat' dir='ltr'>ceteris</span> <span class='ocrx_word' id='word_1_74' title='bbox 1188 1724 1391 1798; x_wconf 92' lang='lat' dir='ltr'>potentiores</span> <span class='ocrx_word' id='word_1_75' title='bbox 1413 1723 1532 1798; x_wconf 83' lang='lat' dir='ltr'>Sparta</span> 
     </span>
     <span class='ocr_line' id='line_1_10' title="bbox 300 1835 1530 1911; baseline 0.003 -19"><span class='ocrx_word' id='word_1_76' title='bbox 300 1836 335 1894; x_wconf 90' lang='lat' dir='ltr'>et</span> <span class='ocrx_word' id='word_1_77' title='bbox 376 1835 527 1896; x_wconf 87' lang='lat' dir='ltr'>Athenae</span> <span class='ocrx_word' id='word_1_78' title='bbox 568 1835 654 1896; x_wconf 88' lang='lat' dir='ltr'>inter</span> <span class='ocrx_word' id='word_1_79' title='bbox 693 1851 729 1896; x_wconf 92' lang='lat' dir='ltr'>se</span> <span class='ocrx_word' id='word_1_80' title='bbox 768 1835 970 1898; x_wconf 88' lang='lat' dir='ltr'>obstiterunt</span> <span class='ocrx_word' id='word_1_81' title='bbox 1008 1836 1217 1911; x_wconf 86' lang='lat' dir='ltr'>gravissimis</span> <span class='ocrx_word' id='word_1_82' title='bbox 1255 1836 1384 1896; x_wconf 85' lang='lat' dir='ltr'>discidii</span> <span class='ocrx_word' id='word_1_83' title='bbox 1421 1836 1530 1896; x_wconf 89' lang='lat' dir='ltr'>causis</span> 
     </span>
     <span class='ocr_line' id='line_1_11' title="bbox 300 1947 483 2008; baseline 0.016 -3"><span class='ocrx_word' id='word_1_84' title='bbox 300 1947 483 2008; x_wconf 85' lang='lat' dir='ltr'>seiunctae.</span> 
     </span>
    </p>

    <p class='ocr_par' dir='ltr' id='par_1_3' title="bbox 299 2060 1533 2814">
     <span class='ocr_line' id='line_1_12' title="bbox 345 2060 1530 2139; baseline 0.003 -19"><span class='ocrx_word' id='word_1_85' title='bbox 345 2060 490 2135; x_wconf 80' lang='lat' dir='ltr'>Quarum</span> <span class='ocrx_word' id='word_1_86' title='bbox 511 2061 685 2122; x_wconf 87' lang='lat' dir='ltr'>civitatum</span> <span class='ocrx_word' id='word_1_87' title='bbox 705 2062 810 2123; x_wconf 87' lang='lat' dir='ltr'>altera</span> <span class='ocrx_word' id='word_1_88' title='bbox 827 2062 949 2124; x_wconf 86' lang='lat' dir='ltr'>laetius</span> <span class='ocrx_word' id='word_1_89' title='bbox 969 2063 1002 2123; x_wconf 95' lang='lat' dir='ltr'>in</span> <span class='ocrx_word' id='word_1_90' title='bbox 1023 2063 1093 2123; x_wconf 91' lang='lat' dir='ltr'>dies</span> <span class='ocrx_word' id='word_1_91' title='bbox 1112 2062 1335 2139; x_wconf 87' lang='lat' dir='ltr'>efflorescens,</span> <span class='ocrx_word' id='word_1_92' title='bbox 1353 2065 1530 2138; x_wconf 89' lang='lat' dir='ltr'>postquam</span> 
     </span>
     <span class='ocr_line' id='line_1_13' title="bbox 299 2175 1533 2252; baseline -0.001 -14"><span class='ocrx_word' id='word_1_93' title='bbox 299 2191 412 2238; x_wconf 90' lang='lat' dir='ltr'>rerum</span> <span class='ocrx_word' id='word_1_94' title='bbox 443 2175 600 2236; x_wconf 89' lang='lat' dir='ltr'>decursus</span> <span class='ocrx_word' id='word_1_95' title='bbox 636 2181 669 2236; x_wconf 88' lang='lat' dir='ltr'>et</span> <span class='ocrx_word' id='word_1_96' title='bbox 692 2177 925 2238; x_wconf 75' lang='lat' dir='ltr'>Themistoclis</span> <span class='ocrx_word' id='word_1_97' title='bbox 952 2177 1172 2252; x_wconf 84' lang='lat' dir='ltr'>sagacissima</span> <span class='ocrx_word' id='word_1_98' title='bbox 1195 2177 1331 2238; x_wconf 84' lang='lat' dir='ltr'>consilia</span> <span class='ocrx_word' id='word_1_99' title='bbox 1353 2176 1533 2237; x_wconf 87' lang='lat' dir='ltr'>effecerunt</span> 
     </span>
     <span class='ocr_line' id='line_1_14' title="bbox 300 2289 1532 2367; baseline 0 -17"><span class='ocrx_word' id='word_1_100' title='bbox 300 2293 338 2350; x_wconf 86' lang='lat' dir='ltr'>ut</span> <span class='ocrx_word' id='word_1_101' title='bbox 357 2289 398 2349; x_wconf 87' lang='lat' dir='ltr'>ad</span> <span class='ocrx_word' id='word_1_102' title='bbox 418 2303 510 2349; x_wconf 91' lang='lat' dir='ltr'>mare</span> <span class='ocrx_word' id='word_1_103' title='bbox 533 2289 747 2364; x_wconf 89' lang='lat' dir='ltr'>potissimum</span> <span class='ocrx_word' id='word_1_104' title='bbox 767 2304 803 2350; x_wconf 86' lang='lat' dir='ltr'>se</span> <span class='ocrx_word' id='word_1_105' title='bbox 823 2291 1014 2367; x_wconf 88' lang='lat' dir='ltr'>applicaret,</span> <span class='ocrx_word' id='word_1_106' title='bbox 1034 2305 1132 2350; x_wconf 91' lang='lat' dir='ltr'>suum</span> <span class='ocrx_word' id='word_1_107' title='bbox 1153 2305 1234 2350; x_wconf 89' lang='lat' dir='ltr'>mox</span> <span class='ocrx_word' id='word_1_108' title='bbox 1251 2290 1433 2350; x_wconf 90' lang='lat' dir='ltr'>dominium</span> <span class='ocrx_word' id='word_1_109' title='bbox 1454 2289 1532 2350; x_wconf 87' lang='lat' dir='ltr'>iecit</span> 
     </span>
     <span class='ocr_line' id='line_1_15' title="bbox 301 2401 1532 2479; baseline -0.001 -16"><span class='ocrx_word' id='word_1_110' title='bbox 301 2402 404 2463; x_wconf 88' lang='lat' dir='ltr'>maris</span> <span class='ocrx_word' id='word_1_111' title='bbox 429 2401 663 2464; x_wconf 89' lang='lat' dir='ltr'>mediterranei</span> <span class='ocrx_word' id='word_1_112' title='bbox 678 2406 808 2477; x_wconf 90' lang='lat' dir='ltr'>partem</span> <span class='ocrx_word' id='word_1_113' title='bbox 821 2403 1030 2479; x_wconf 88' lang='lat' dir='ltr'>orientalem,</span> <span class='ocrx_word' id='word_1_114' title='bbox 1053 2403 1138 2463; x_wconf 90' lang='lat' dir='ltr'>unde</span> <span class='ocrx_word' id='word_1_115' title='bbox 1150 2417 1229 2476; x_wconf 91' lang='lat' dir='ltr'>opes</span> <span class='ocrx_word' id='word_1_116' title='bbox 1241 2402 1353 2462; x_wconf 88' lang='lat' dir='ltr'>hausit</span> <span class='ocrx_word' id='word_1_117' title='bbox 1365 2402 1532 2479; x_wconf 83' lang='lat' dir='ltr'>ingentes,</span> 
     </span>
     <span class='ocr_line' id='line_1_16' title="bbox 300 2513 1532 2588; baseline -0.001 -12"><span class='ocrx_word' id='word_1_118' title='bbox 300 2519 338 2576; x_wconf 89' lang='lat' dir='ltr'>ut</span> <span class='ocrx_word' id='word_1_119' title='bbox 361 2513 525 2588; x_wconf 81' lang='lat' dir='ltr'>carthago</span> <span class='ocrx_word' id='word_1_120' title='bbox 549 2530 592 2574; x_wconf 86' lang='lat' dir='ltr'>ex</span> <span class='ocrx_word' id='word_1_121' title='bbox 615 2515 820 2576; x_wconf 87' lang='lat' dir='ltr'>occidentali.</span> <span class='ocrx_word' id='word_1_122' title='bbox 846 2515 970 2576; x_wconf 87' lang='lat' dir='ltr'>Metum</span> <span class='ocrx_word' id='word_1_123' title='bbox 995 2515 1152 2576; x_wconf 86' lang='lat' dir='ltr'>movebat</span> <span class='ocrx_word' id='word_1_124' title='bbox 1175 2514 1295 2575; x_wconf 88' lang='lat' dir='ltr'>vicinis</span> <span class='ocrx_word' id='word_1_125' title='bbox 1317 2516 1351 2575; x_wconf 87' lang='lat' dir='ltr'>et</span> <span class='ocrx_word' id='word_1_126' title='bbox 1373 2514 1532 2575; x_wconf 88' lang='lat' dir='ltr'>invidiam</span> 
     </span>
     <span class='ocr_line' id='line_1_17' title="bbox 300 2627 1529 2704; baseline 0 -16"><span class='ocrx_word' id='word_1_127' title='bbox 300 2631 336 2688; x_wconf 91' lang='lat' dir='ltr'>et</span> <span class='ocrx_word' id='word_1_128' title='bbox 366 2628 493 2703; x_wconf 93' lang='lat' dir='ltr'>odium,</span> <span class='ocrx_word' id='word_1_129' title='bbox 519 2628 578 2687; x_wconf 88' lang='lat' dir='ltr'>sed</span> <span class='ocrx_word' id='word_1_130' title='bbox 601 2643 731 2704; x_wconf 88' lang='lat' dir='ltr'>semper</span> <span class='ocrx_word' id='word_1_131' title='bbox 756 2627 925 2688; x_wconf 84' lang='lat' dir='ltr'>crescebat</span> <span class='ocrx_word' id='word_1_132' title='bbox 947 2628 1090 2702; x_wconf 93' lang='lat' dir='ltr'>undique</span> <span class='ocrx_word' id='word_1_133' title='bbox 1114 2628 1220 2688; x_wconf 83' lang='lat' dir='ltr'>ditata</span> <span class='ocrx_word' id='word_1_134' title='bbox 1242 2630 1431 2688; x_wconf 83' lang='lat' dir='ltr'>mercatura</span> <span class='ocrx_word' id='word_1_135' title='bbox 1453 2630 1529 2688; x_wconf 89' lang='lat' dir='ltr'>soci·</span> 
     </span>
     <span class='ocr_line' id='line_1_18' title="bbox 300 2740 624 2814; baseline -0.006 -12"><span class='ocrx_word' id='word_1_136' title='bbox 300 2755 461 2814; x_wconf 84' lang='lat' dir='ltr'>urumque</span> <span class='ocrx_word' id='word_1_137' title='bbox 481 2740 624 2801; x_wconf 88' lang='lat' dir='ltr'>tributis.</span> 
     </span>
    </p>

    <p class='ocr_par' dir='ltr' id='par_1_4' title="bbox 299 2853 1537 4177">
     <span class='ocr_line' id='line_1_19' title="bbox 347 2853 1531 2930; baseline 0.002 -16"><span class='ocrx_word' id='word_1_138' title='bbox 347 2854 465 2930; x_wconf 78' lang='lat' dir='ltr'>Quidni</span> <span class='ocrx_word' id='word_1_139' title='bbox 485 2857 582 2929; x_wconf 89' lang='lat' dir='ltr'>caput</span> <span class='ocrx_word' id='word_1_140' title='bbox 602 2853 758 2915; x_wconf 78' lang='lat' dir='ltr'>Graeciae</span> <span class='ocrx_word' id='word_1_141' title='bbox 778 2858 811 2916; x_wconf 88' lang='lat' dir='ltr'>et</span> <span class='ocrx_word' id='word_1_142' title='bbox 830 2871 910 2916; x_wconf 89' lang='lat' dir='ltr'>mox</span> <span class='ocrx_word' id='word_1_143' title='bbox 929 2856 1075 2930; x_wconf 93' lang='lat' dir='ltr'>imperii,</span> <span class='ocrx_word' id='word_1_144' title='bbox 1097 2856 1148 2915; x_wconf 89' lang='lat' dir='ltr'>oui</span> <span class='ocrx_word' id='word_1_145' title='bbox 1168 2869 1273 2927; x_wconf 93' lang='lat' dir='ltr'>neque</span> <span class='ocrx_word' id='word_1_146' title='bbox 1292 2855 1411 2916; x_wconf 90' lang='lat' dir='ltr'>Persae</span> <span class='ocrx_word' id='word_1_147' title='bbox 1426 2870 1531 2929; x_wconf 92' lang='lat' dir='ltr'>neque</span> 
     </span>
     <span class='ocr_line' id='line_1_20' title="bbox 301 2966 1531 3044; baseline 0.001 -16"><span class='ocrx_word' id='word_1_148' title='bbox 301 2967 403 3030; x_wconf 91' lang='lat' dir='ltr'>Poeni</span> <span class='ocrx_word' id='word_1_149' title='bbox 432 2967 602 3029; x_wconf 88' lang='lat' dir='ltr'>metuendi</span> <span class='ocrx_word' id='word_1_150' title='bbox 625 2970 753 3044; x_wconf 89' lang='lat' dir='ltr'>essent,</span> <span class='ocrx_word' id='word_1_151' title='bbox 777 2966 871 3029; x_wconf 88' lang='lat' dir='ltr'>fleret</span> <span class='ocrx_word' id='word_1_152' title='bbox 894 2968 1013 3030; x_wconf 82' lang='lat' dir='ltr'>civitas</span> <span class='ocrx_word' id='word_1_153' title='bbox 1035 2968 1314 3031; x_wconf 80' lang='lat' dir='ltr'>Atheniensium?</span> <span class='ocrx_word' id='word_1_154' title='bbox 1337 2969 1423 3029; x_wconf 83' lang='lat' dir='ltr'>Fieri</span> <span class='ocrx_word' id='word_1_155' title='bbox 1446 2967 1531 3029; x_wconf 89' lang='lat' dir='ltr'>vole·</span> 
     </span>
     <span class='ocr_line' id='line_1_21' title="bbox 300 3081 1533 3159; baseline 0.001 -18"><span class='ocrx_word' id='word_1_156' title='bbox 300 3082 372 3159; x_wconf 88' lang='lat' dir='ltr'>bat,</span> <span class='ocrx_word' id='word_1_157' title='bbox 401 3114 439 3124; x_wconf 92' lang='lat'>-</span> <span class='ocrx_word' id='word_1_158' title='bbox 465 3081 535 3143; x_wconf 88' lang='lat' dir='ltr'>fieri</span> <span class='ocrx_word' id='word_1_159' title='bbox 555 3085 699 3158; x_wconf 89' lang='lat' dir='ltr'>poterat,</span> <span class='ocrx_word' id='word_1_160' title='bbox 719 3083 816 3143; x_wconf 93' lang='lat' dir='ltr'>modo</span> <span class='ocrx_word' id='word_1_161' title='bbox 835 3098 900 3144; x_wconf 91' lang='lat' dir='ltr'>non</span> <span class='ocrx_word' id='word_1_162' title='bbox 923 3083 1034 3144; x_wconf 90' lang='lat' dir='ltr'>solum</span> <span class='ocrx_word' id='word_1_163' title='bbox 1057 3098 1114 3158; x_wconf 86' lang='lat' dir='ltr'>per</span> <span class='ocrx_word' id='word_1_164' title='bbox 1133 3098 1225 3143; x_wconf 89' lang='lat' dir='ltr'>mare</span> <span class='ocrx_word' id='word_1_165' title='bbox 1249 3083 1307 3143; x_wconf 94' lang='lat' dir='ltr'>sed</span> <span class='ocrx_word' id='word_1_166' title='bbox 1330 3086 1364 3143; x_wconf 91' lang='lat' dir='ltr'>et</span> <span class='ocrx_word' id='word_1_167' title='bbox 1386 3083 1421 3142; x_wconf 91' lang='lat' dir='ltr'>in</span> <span class='ocrx_word' id='word_1_168' title='bbox 1443 3088 1533 3143; x_wconf 89' lang='lat' dir='ltr'>terra</span> 
     </span>
     <span class='ocr_line' id='line_1_22' title="bbox 300 3194 1533 3271; baseline 0.001 -17"><span class='ocrx_word' id='word_1_169' title='bbox 300 3194 397 3256; x_wconf 89' lang='lat' dir='ltr'>firma</span> <span class='ocrx_word' id='word_1_170' title='bbox 415 3196 502 3256; x_wconf 87' lang='lat' dir='ltr'>inter</span> <span class='ocrx_word' id='word_1_171' title='bbox 522 3195 664 3257; x_wconf 76' lang='lat' dir='ltr'>Graecos</span> <span class='ocrx_word' id='word_1_172' title='bbox 683 3196 920 3256; x_wconf 91' lang='lat' dir='ltr'>dominaretur.</span> <span class='ocrx_word' id='word_1_173' title='bbox 941 3196 978 3255; x_wconf 89' lang='lat' dir='ltr'>Id</span> <span class='ocrx_word' id='word_1_174' title='bbox 997 3196 1026 3255; x_wconf 90' lang='lat' dir='ltr'>si</span> <span class='ocrx_word' id='word_1_175' title='bbox 1043 3196 1175 3269; x_wconf 87' lang='lat' dir='ltr'>assequi</span> <span class='ocrx_word' id='word_1_176' title='bbox 1187 3199 1317 3271; x_wconf 87' lang='lat' dir='ltr'>poterat</span> <span class='ocrx_word' id='word_1_177' title='bbox 1328 3198 1366 3256; x_wconf 94' lang='lat' dir='ltr'>ut</span> <span class='ocrx_word' id='word_1_178' title='bbox 1379 3196 1533 3257; x_wconf 81' lang='lat' dir='ltr'>Graeciae</span> 
     </span>
     <span class='ocr_line' id='line_1_23' title="bbox 299 3308 1535 3385; baseline 0.002 -18"><span class='ocrx_word' id='word_1_179' title='bbox 299 3311 472 3383; x_wconf 88' lang='lat' dir='ltr'>praeesset</span> <span class='ocrx_word' id='word_1_180' title='bbox 502 3310 588 3384; x_wconf 90' lang='lat' dir='ltr'>sola,</span> <span class='ocrx_word' id='word_1_181' title='bbox 613 3308 664 3367; x_wconf 87' lang='lat' dir='ltr'>vis</span> <span class='ocrx_word' id='word_1_182' title='bbox 694 3308 845 3369; x_wconf 93' lang='lat' dir='ltr'>omnium</span> <span class='ocrx_word' id='word_1_183' title='bbox 876 3309 969 3368; x_wconf 90' lang='lat' dir='ltr'>unita</span> <span class='ocrx_word' id='word_1_184' title='bbox 999 3309 1085 3368; x_wconf 88' lang='lat' dir='ltr'>satis</span> <span class='ocrx_word' id='word_1_185' title='bbox 1107 3308 1240 3369; x_wconf 88' lang='lat' dir='ltr'>valebat</span> <span class='ocrx_word' id='word_1_186' title='bbox 1262 3310 1303 3369; x_wconf 88' lang='lat' dir='ltr'>ad</span> <span class='ocrx_word' id='word_1_187' title='bbox 1327 3310 1442 3371; x_wconf 89' lang='lat' dir='ltr'>hostes</span> <span class='ocrx_word' id='word_1_188' title='bbox 1464 3325 1535 3385; x_wconf 94' lang='lat' dir='ltr'>pro·</span> 
     </span>
     <span class='ocr_line' id='line_1_24' title="bbox 300 3421 1535 3498; baseline 0.001 -15"><span class='ocrx_word' id='word_1_189' title='bbox 300 3422 482 3497; x_wconf 89' lang='lat' dir='ltr'>pulsandos</span> <span class='ocrx_word' id='word_1_190' title='bbox 514 3424 547 3483; x_wconf 89' lang='lat' dir='ltr'>et</span> <span class='ocrx_word' id='word_1_191' title='bbox 577 3421 767 3482; x_wconf 87' lang='lat' dir='ltr'>libertatem</span> <span class='ocrx_word' id='word_1_192' title='bbox 801 3422 971 3483; x_wconf 87' lang='lat' dir='ltr'>tuendam.</span> <span class='ocrx_word' id='word_1_193' title='bbox 1003 3422 1089 3481; x_wconf 92' lang='lat' dir='ltr'>Nam</span> <span class='ocrx_word' id='word_1_194' title='bbox 1121 3433 1179 3482; x_wconf 85' lang='lat' dir='ltr'>aut</span> <span class='ocrx_word' id='word_1_195' title='bbox 1209 3424 1295 3483; x_wconf 85' lang='lat' dir='ltr'>mari</span> <span class='ocrx_word' id='word_1_196' title='bbox 1329 3424 1535 3498; x_wconf 89' lang='lat' dir='ltr'>imperatura</span> 
     </span>
     <span class='ocr_line' id='line_1_25' title="bbox 301 3535 1534 3610; baseline 0.002 -15"><span class='ocrx_word' id='word_1_197' title='bbox 301 3539 372 3595; x_wconf 89' lang='lat' dir='ltr'>erat</span> <span class='ocrx_word' id='word_1_198' title='bbox 407 3535 544 3596; x_wconf 81' lang='lat' dir='ltr'>Graecia</span> <span class='ocrx_word' id='word_1_199' title='bbox 582 3538 640 3595; x_wconf 89' lang='lat' dir='ltr'>aut</span> <span class='ocrx_word' id='word_1_200' title='bbox 675 3536 819 3610; x_wconf 88' lang='lat' dir='ltr'>satrapis</span> <span class='ocrx_word' id='word_1_201' title='bbox 853 3536 964 3597; x_wconf 89' lang='lat' dir='ltr'>Persis</span> <span class='ocrx_word' id='word_1_202' title='bbox 999 3536 1189 3609; x_wconf 89' lang='lat' dir='ltr'>obeditura;</span> <span class='ocrx_word' id='word_1_203' title='bbox 1224 3538 1285 3596; x_wconf 90' lang='lat' dir='ltr'>aut</span> <span class='ocrx_word' id='word_1_204' title='bbox 1318 3553 1361 3597; x_wconf 86' lang='lat' dir='ltr'>ex</span> <span class='ocrx_word' id='word_1_205' title='bbox 1394 3537 1534 3598; x_wconf 79' lang='lat' dir='ltr'>Athenis</span> 
     </span>
     <span class='ocr_line' id='line_1_26' title="bbox 300 3649 1536 3726; baseline 0.001 -16"><span class='ocrx_word' id='word_1_206' title='bbox 300 3650 460 3710; x_wconf 86' lang='lat' dir='ltr'>mandata</span> <span class='ocrx_word' id='word_1_207' title='bbox 479 3649 509 3709; x_wconf 91' lang='lat' dir='ltr'>ei</span> <span class='ocrx_word' id='word_1_208' title='bbox 526 3652 622 3710; x_wconf 90' lang='lat' dir='ltr'>erant</span> <span class='ocrx_word' id='word_1_209' title='bbox 642 3650 850 3725; x_wconf 87' lang='lat' dir='ltr'>expectanda</span> <span class='ocrx_word' id='word_1_210' title='bbox 869 3652 963 3710; x_wconf 89' lang='lat' dir='ltr'>aute</span> <span class='ocrx_word' id='word_1_211' title='bbox 987 3650 1143 3710; x_wconf 85' lang='lat' dir='ltr'>Sardibus</span> <span class='ocrx_word' id='word_1_212' title='bbox 1163 3654 1197 3711; x_wconf 90' lang='lat' dir='ltr'>et</span> <span class='ocrx_word' id='word_1_213' title='bbox 1217 3649 1370 3725; x_wconf 87' lang='lat' dir='ltr'>Dascylio</span> <span class='ocrx_word' id='word_1_214' title='bbox 1390 3652 1536 3726; x_wconf 85' lang='lat' dir='ltr'>ipsisque</span> 
     </span>
     <span class='ocr_line' id='line_1_27' title="bbox 301 3762 1535 3839; baseline 0.002 -17"><span class='ocrx_word' id='word_1_215' title='bbox 301 3762 410 3835; x_wconf 80' lang='lat' dir='ltr'>Susis3</span> <span class='ocrx_word' id='word_1_216' title='bbox 441 3763 580 3823; x_wconf 88' lang='lat' dir='ltr'>tertium</span> <span class='ocrx_word' id='word_1_217' title='bbox 612 3778 677 3823; x_wconf 94' lang='lat' dir='ltr'>non</span> <span class='ocrx_word' id='word_1_218' title='bbox 709 3762 858 3839; x_wconf 88' lang='lat' dir='ltr'>dabatur,</span> <span class='ocrx_word' id='word_1_219' title='bbox 890 3778 969 3824; x_wconf 89' lang='lat' dir='ltr'>nam</span> <span class='ocrx_word' id='word_1_220' title='bbox 999 3764 1153 3839; x_wconf 88' lang='lat' dir='ltr'>proxima</span> <span class='ocrx_word' id='word_1_221' title='bbox 1181 3764 1400 3825; x_wconf 82' lang='lat' dir='ltr'>insidiabatur</span> <span class='ocrx_word' id='word_1_222' title='bbox 1430 3765 1535 3838; x_wconf 86' lang='lat' dir='ltr'>hydra</span> 
     </span>
     <span class='ocr_line' id='line_1_28' title="bbox 300 3876 1537 3940; baseline 0.003 -5"><span class='ocrx_word' id='word_1_223' title='bbox 300 3876 437 3937; x_wconf 86' lang='lat' dir='ltr'>Asiana.</span> <span class='ocrx_word' id='word_1_224' title='bbox 468 3878 535 3937; x_wconf 89' lang='lat' dir='ltr'>Aut</span> <span class='ocrx_word' id='word_1_225' title='bbox 565 3876 599 3936; x_wconf 91' lang='lat' dir='ltr'>in</span> <span class='ocrx_word' id='word_1_226' title='bbox 629 3876 835 3938; x_wconf 84' lang='lat' dir='ltr'>maritimam</span> <span class='ocrx_word' id='word_1_227' title='bbox 867 3882 900 3938; x_wconf 90' lang='lat' dir='ltr'>et</span> <span class='ocrx_word' id='word_1_228' title='bbox 931 3878 1069 3939; x_wconf 90' lang='lat' dir='ltr'>liberam</span> <span class='ocrx_word' id='word_1_229' title='bbox 1100 3880 1272 3940; x_wconf 89' lang='lat' dir='ltr'>nationem</span> <span class='ocrx_word' id='word_1_230' title='bbox 1301 3879 1418 3939; x_wconf 87' lang='lat' dir='ltr'>coituri</span> <span class='ocrx_word' id='word_1_231' title='bbox 1441 3882 1537 3939; x_wconf 88' lang='lat' dir='ltr'>erant</span> 
     </span>
     <span class='ocr_line' id='line_1_29' title="bbox 301 3990 1534 4068; baseline 0.002 -19"><span class='ocrx_word' id='word_1_232' title='bbox 301 3990 416 4051; x_wconf 82' lang='lat' dir='ltr'>Graeci</span> <span class='ocrx_word' id='word_1_233' title='bbox 439 3994 497 4050; x_wconf 88' lang='lat' dir='ltr'>aut</span> <span class='ocrx_word' id='word_1_234' title='bbox 519 3990 719 4051; x_wconf 88' lang='lat' dir='ltr'>servitutem</span> <span class='ocrx_word' id='word_1_235' title='bbox 743 3992 900 4052; x_wconf 86' lang='lat' dir='ltr'>servituri</span> <span class='ocrx_word' id='word_1_236' title='bbox 919 3992 990 4052; x_wconf 90' lang='lat' dir='ltr'>sive</span> <span class='ocrx_word' id='word_1_237' title='bbox 1010 3995 1159 4068; x_wconf 90' lang='lat' dir='ltr'>apertam</span> <span class='ocrx_word' id='word_1_238' title='bbox 1180 3991 1251 4053; x_wconf 89' lang='lat' dir='ltr'>sive</span> <span class='ocrx_word' id='word_1_239' title='bbox 1270 3992 1416 4052; x_wconf 81' lang='lat' dir='ltr'>fucatam</span> <span class='ocrx_word' id='word_1_240' title='bbox 1438 3992 1534 4052; x_wconf 92' lang='lat' dir='ltr'>hone·</span> 
     </span>
     <span class='ocr_line' id='line_1_30' title="bbox 301 4104 909 4177; baseline 0.005 -15"><span class='ocrx_word' id='word_1_241' title='bbox 301 4106 419 4177; x_wconf 90' lang='lat' dir='ltr'>stoque</span> <span class='ocrx_word' id='word_1_242' title='bbox 444 4104 552 4176; x_wconf 88' lang='lat' dir='ltr'>aliquo</span> <span class='ocrx_word' id='word_1_243' title='bbox 576 4105 711 4164; x_wconf 91' lang='lat' dir='ltr'>nomine</span> <span class='ocrx_word' id='word_1_244' title='bbox 734 4105 909 4165; x_wconf 85' lang='lat' dir='ltr'>obtectam.</span> 
     </span>
    </p>

    <p class='ocr_par' dir='ltr' id='par_1_5' title="bbox 301 4218 1538 4862">
     <span class='ocr_line' id='line_1_31' title="bbox 347 4218 1538 4293; baseline 0.003 -16"><span class='ocrx_word' id='word_1_245' title='bbox 347 4220 409 4278; x_wconf 83' lang='lat' dir='ltr'>Sed</span> <span class='ocrx_word' id='word_1_246' title='bbox 441 4218 565 4279; x_wconf 85' lang='lat' dir='ltr'>frustra</span> <span class='ocrx_word' id='word_1_247' title='bbox 594 4232 729 4293; x_wconf 89' lang='lat' dir='ltr'>operam</span> <span class='ocrx_word' id='word_1_248' title='bbox 761 4219 921 4293; x_wconf 79' lang='lat' dir='ltr'>dederunt</span> <span class='ocrx_word' id='word_1_249' title='bbox 948 4219 1171 4279; x_wconf 84' lang='lat' dir='ltr'>Athenienses</span> <span class='ocrx_word' id='word_1_250' title='bbox 1201 4221 1364 4279; x_wconf 89' lang='lat' dir='ltr'>utetiam</span> <span class='ocrx_word' id='word_1_251' title='bbox 1390 4219 1538 4280; x_wconf 87' lang='lat' dir='ltr'>interra</span> 
     </span>
     <span class='ocr_line' id='line_1_32' title="bbox 301 4330 1533 4406; baseline 0.002 -15"><span class='ocrx_word' id='word_1_252' title='bbox 301 4330 399 4391; x_wconf 91' lang='lat' dir='ltr'>firma</span> <span class='ocrx_word' id='word_1_253' title='bbox 421 4330 539 4391; x_wconf 86' lang='lat' dir='ltr'>fierent</span> <span class='ocrx_word' id='word_1_254' title='bbox 561 4331 749 4406; x_wconf 87' lang='lat' dir='ltr'>superiores</span> <span class='ocrx_word' id='word_1_255' title='bbox 773 4332 806 4392; x_wconf 91' lang='lat' dir='ltr'>et</span> <span class='ocrx_word' id='word_1_256' title='bbox 824 4331 975 4392; x_wconf 82' lang='lat' dir='ltr'>Atticum</span> <span class='ocrx_word' id='word_1_257' title='bbox 994 4332 1168 4392; x_wconf 89' lang='lat' dir='ltr'>redderent</span> <span class='ocrx_word' id='word_1_258' title='bbox 1188 4333 1299 4392; x_wconf 90' lang='lat' dir='ltr'>sinum</span> <span class='ocrx_word' id='word_1_259' title='bbox 1318 4331 1533 4394; x_wconf 79' lang='lat' dir='ltr'>Corinthium.</span> 
     </span>
     <span class='ocr_line' id='line_1_33' title="bbox 302 4444 1534 4507; baseline 0.002 -3"><span class='ocrx_word' id='word_1_260' title='bbox 302 4445 351 4504; x_wconf 90' lang='lat' dir='ltr'>Ad</span> <span class='ocrx_word' id='word_1_261' title='bbox 384 4444 563 4505; x_wconf 76' lang='lat' dir='ltr'>Coroneam</span> <span class='ocrx_word' id='word_1_262' title='bbox 595 4457 681 4503; x_wconf 89' lang='lat' dir='ltr'>anno</span> <span class='ocrx_word' id='word_1_263' title='bbox 709 4444 831 4504; x_wconf 81' lang='lat' dir='ltr'>4471n</span> <span class='ocrx_word' id='word_1_264' title='bbox 857 4458 989 4504; x_wconf 87' lang='lat' dir='ltr'>cassum</span> <span class='ocrx_word' id='word_1_265' title='bbox 1016 4445 1204 4505; x_wconf 86' lang='lat' dir='ltr'>cecideruut</span> <span class='ocrx_word' id='word_1_266' title='bbox 1227 4445 1365 4505; x_wconf 89' lang='lat' dir='ltr'>consilia</span> <span class='ocrx_word' id='word_1_267' title='bbox 1388 4446 1534 4507; x_wconf 88' lang='lat' dir='ltr'>audacia.</span> 
     </span>
     <span class='ocr_line' id='line_1_34' title="bbox 301 4557 1537 4622; baseline 0.004 -5"><span class='ocrx_word' id='word_1_268' title='bbox 301 4559 401 4617; x_wconf 84' lang='lat' dir='ltr'>quta</span> <span class='ocrx_word' id='word_1_269' title='bbox 421 4557 538 4617; x_wconf 86' lang='lat' dir='ltr'>foedus</span> <span class='ocrx_word' id='word_1_270' title='bbox 558 4558 766 4618; x_wconf 90' lang='lat' dir='ltr'>maritimum</span> <span class='ocrx_word' id='word_1_271' title='bbox 787 4559 839 4618; x_wconf 87' lang='lat' dir='ltr'>sui</span> <span class='ocrx_word' id='word_1_272' title='bbox 858 4559 940 4618; x_wconf 88' lang='lat' dir='ltr'>iuris</span> <span class='ocrx_word' id='word_1_273' title='bbox 960 4562 1156 4620; x_wconf 86' lang='lat' dir='ltr'>manserunt</span> <span class='ocrx_word' id='word_1_274' title='bbox 1176 4560 1331 4620; x_wconf 88' lang='lat' dir='ltr'>civitates</span> <span class='ocrx_word' id='word_1_275' title='bbox 1343 4562 1537 4622; x_wconf 88' lang='lat' dir='ltr'>terrestres:</span> 
     </span>
     <span class='ocr_line' id='line_1_35' title="bbox 303 4651 1537 4748; baseline 0.004 -18"><span class='ocrx_word' id='word_1_276' title='bbox 303 4651 336 4730; x_wconf 88' lang='lat' dir='ltr'>in</span> <span class='ocrx_word' id='word_1_277' title='bbox 368 4674 539 4745; x_wconf 87' lang='lat' dir='ltr'>posterum</span> <span class='ocrx_word' id='word_1_278' title='bbox 571 4686 713 4748; x_wconf 92' lang='lat' dir='ltr'>quoque,</span> <span class='ocrx_word' id='word_1_279' title='bbox 745 4674 782 4731; x_wconf 88' lang='lat' dir='ltr'>ut</span> <span class='ocrx_word' id='word_1_280' title='bbox 812 4672 905 4748; x_wconf 90' lang='lat' dir='ltr'>olim,</span> <span class='ocrx_word' id='word_1_281' title='bbox 941 4672 1045 4732; x_wconf 91' lang='lat' dir='ltr'>Dores</span> <span class='ocrx_word' id='word_1_282' title='bbox 1080 4674 1199 4735; x_wconf 94' lang='lat' dir='ltr'>Ionum</span> <span class='ocrx_word' id='word_1_283' title='bbox 1229 4677 1288 4735; x_wconf 89' lang='lat' dir='ltr'>aut</span> <span class='ocrx_word' id='word_1_284' title='bbox 1317 4675 1399 4736; x_wconf 90' lang='lat' dir='ltr'>socii</span> <span class='ocrx_word' id='word_1_285' title='bbox 1433 4676 1537 4737; x_wconf 82' lang='lat' dir='ltr'>futuri</span> 
     </span>
     <span class='ocr_line' id='line_1_36' title="bbox 306 4784 1055 4862; baseline 0.001 -17"><span class='ocrx_word' id='word_1_286' title='bbox 306 4786 402 4845; x_wconf 92' lang='lat' dir='ltr'>erant</span> <span class='ocrx_word' id='word_1_287' title='bbox 425 4784 496 4862; x_wconf 89' lang='lat' dir='ltr'>aut,</span> <span class='ocrx_word' id='word_1_288' title='bbox 522 4784 552 4845; x_wconf 89' lang='lat' dir='ltr'>si</span> <span class='ocrx_word' id='word_1_289' title='bbox 575 4784 644 4846; x_wconf 86' lang='lat' dir='ltr'>iors</span> <span class='ocrx_word' id='word_1_290' title='bbox 667 4786 699 4845; x_wconf 93' lang='lat' dir='ltr'>id</span> <span class='ocrx_word' id='word_1_291' title='bbox 722 4786 835 4861; x_wconf 87' lang='lat' dir='ltr'>ferret,</span> <span class='ocrx_word' id='word_1_292' title='bbox 862 4785 1055 4847; x_wconf 90' lang='lat' dir='ltr'>adversarii.</span> 
     </span>
    </p>
   </div>
   <div class='ocr_carea' id='block_1_3' title="bbox 0 0 2041 5950">
    <p class='ocr_par' dir='ltr' id='par_1_6' title="bbox 0 0 2041 5950">
     <span class='ocr_line' id='line_1_37' title="bbox 0 0 2041 5950; baseline 0 0"><span class='ocrx_word' id='word_1_293' title='bbox 0 0 2041 5950; x_wconf 95' lang='lat' dir='ltr'> </span> 
     </span>
    </p>
   </div>
  </div>
 </body>
</html>
