4067 5950
711 787 792 832 1131
814 785 854 831 rr
877 783 1047 830 31131333.
1427 767 1489 828 148

260 965 297 1024 in
325 962 432 1025 maris
453 961 553 1025 tundo
576 961 763 1038 quaerenda
785 961 873 1034 erat;
899 959 1068 1020 extinctae
1091 960 1186 1020 erant
1209 957 1336 1018 multae
1358 972 1376 1018 e
1399 957 1500 1034 genti·

263 1079 328 1137 bus
359 1074 536 1138 nobilibus.
567 1076 732 1138 Homines
761 1074 862 1135 eiiam
894 1073 1031 1149 plurimi
1054 1073 1149 1133 erant
1172 1071 1330 1147 Athenis,
1355 1072 1413 1133 sed
1436 1071 1503 1132 leto

261 1190 347 1250 data
364 1190 436 1251 erat
454 1189 572 1251 melior
591 1188 739 1251 civitatis
758 1203 849 1264 pars,
871 1187 1260 1248 iiarathonomachorum
1280 1200 1385 1262 genus
1405 1184 1501 1260 illud,

263 1304 354 1376 quod
376 1319 420 1364 ex
442 1303 525 1380 ipsis
548 1302 681 1365 Atticae
706 1302 796 1363 arvis
819 1302 1028 1378 procreverat
1046 1295 1078 1371 ¹).

309 1530 461 1606 Triginta
501 1531 565 1591 viri
598 1545 674 1592 cum
708 1529 881 1591 civitatem
915 1544 973 1605 per
1007 1543 1141 1590 menses
1176 1528 1304 1602 aliquot
1337 1527 1436 1590 caede
1469 1530 1502 1589 et

264 1645 395 1720 rapinis
421 1644 654 1722 miscuissent,
678 1643 766 1719 pulsi
789 1645 868 1704 eunt
892 1645 926 1704 et
946 1643 1096 1719 regimen
1118 1642 1275 1720 populare
1298 1644 1351 1703 est
1372 1641 1503 1704 restitu-

262 1763 357 1835 tum,
390 1758 613 1847 sanctissimo
655 1759 768 1819 autem
810 1757 1020 1820 iureiurando
1061 1757 1149 1818 inter
1183 1771 1219 1818 se
1254 1755 1506 1818 obstrinxerunt

264 1874 507 1950 Athenienses,
539 1873 691 1936 concordi
721 1872 843 1934 exinde
864 1871 979 1933 animo
1002 1886 1039 1932 se
1061 1886 1133 1933 rem
1155 1871 1323 1947 publicam
1347 1871 1503 1946 guberna·

265 1989 379 2064 turoe,
401 1986 509 2049 deleta
527 2001 639 2049 rerum
658 1985 914 2062 praeteritarum
932 1985 1106 2047 memoria.
1130 1985 1222 2045 Finis
1241 1986 1313 2046 erat
1331 1985 1504 2047 turbarum
1583 1975 1585 1980 ’

266 2100 439 2175 civilium;
471 2101 530 2163 sed
560 2114 634 2162 sero
664 2101 757 2162 venit
779 2114 819 2162 ea
841 2099 949 2176 quies,
974 2114 1052 2160 nam
1079 2099 1196 2175 Sparta
1219 2100 1285 2160 iam
1310 2100 1342 2160 ln
1367 2098 1504 2160 Graecia

266 2213 514 2291 dominabatur,
538 2214 793 2276 Atheniensium
817 2213 948 2274 31111311
972 2213 1094 2274 succisi
1117 2215 1211 2274 erant
1233 2215 1338 2275 nervi.
1420 2265 1422 2270 .

314 2327 505 2402 Torpebant
525 2327 594 2389 illic
616 2342 670 2388 res
692 2326 854 2404 publicae,
881 2328 914 2388 et
936 2327 1113 2403 praecipua
1135 2326 1203 2387 iam
1222 2342 1302 2388 cura
1320 2325 1506 2388 eratdlaria

266 2440 460 2514 quaerendi.
483 2441 635 2502 Athenas
657 2443 767 2502 aetate
786 2440 1020 2502 Themistoclis
1038 2456 1213 2517 prosperas
1231 2441 1417 2502 reddiderat
1428 2455 1507 2516 ager

268 2554 355 2615 bene
378 2555 503 2632 cultus,
527 2554 663 2616 Periclis
686 2556 797 2616 aetate
816 2555 980 2616 ditaverat
1004 2554 1139 2617 classis:
1159 2554 1359 2630 Thrasybuli
1376 2554 1506 2616 civibus

267 2668 467 2744 aequalibus
484 2668 603 2730 classis
622 2682 687 2730 non
705 2670 787 2745 erat,
807 2682 885 2744 ager
904 2669 1017 2729 autem
1037 2668 1160 2730 misere
1177 2668 1348 2744 neglectus
1367 2667 1505 2729 iacebat.

267 2783 384 2845 Cereri
417 2783 485 2844 iam
519 2797 585 2845 non
613 2783 742 2858 poterat
771 2797 852 2844 auro
883 2780 1110 2860 barbarorum,
1142 2782 1362 2845 libentissime
1392 2785 1503 2843 autem

266 2898 400 2972 Persia,
442 2899 481 2958 ut
517 2895 597 2958 olim
633 2897 771 2974 Spartae
805 2895 953 2957 subsidia
985 2895 1184 2971 praebuerat
1218 2896 1258 2958 ad
1292 2895 1506 2958 debellandas

266 3012 437 3089 Athenas,
457 3011 507 3072 sic
526 3026 614 3096 nunc
632 3011 792 3072 adversus
811 3011 965 3087 Spartam
985 3010 1086 3071 nimis
1105 3026 1296 3087 prosperam
1315 3026 1411 3087 opem
1428 3011 1505 3072 tulit

266 3126 429 3197 Athenis,
461 3141 527 3187 non
550 3125 696 3202 amplius
719 3124 873 3186 videlicet
895 3125 961 3185 sibi
982 3125 1180 3187 metuendis.
1198 3126 1313 3201 Itaque
1333 3140 1418 3187 anno
1439 3126 1504 3185 394

266 3240 407 3301 moenia
435 3240 645 3299 Athenarum
674 3238 833 3299 restituta
861 3240 942 3300 sunt
964 3237 1192 3302 munificentia
1213 3239 1425 3315 Artaxerxis,
1451 3239 1505 3312 qui

267 3352 518 3429 quinquaginta
548 3351 740 3414 talenta-
765 3354 897 3413 tantum
928 3352 997 3413 iere
1027 3355 1189 3426 quantum
1219 3353 1315 3429 peplo
1338 3352 1505 3413 Minervae

266 3465 481 3543 impenderat
512 3464 592 3526 olim
622 3464 833 3526 Pericles-
856 3480 899 3525 ex
928 3465 1056 3526 aerario
1087 3480 1146 3526 suo
1176 3465 1337 3541 praebuit.
1368 3466 1505 3542 Iamque

268 3582 386 3642 erecta
404 3579 513 3640 denuo
532 3579 651 3640 civitas
670 3577 925 3640 Atheniensium
946 3578 1082 3654 Spartae
1105 3577 1216 3640 stabat
1239 3580 1404 3657 opposita,
1425 3579 1505 3655 pris·

267 3694 356 3754 tinia
380 3696 495 3755 autem
519 3693 662 3755 inimicis
684 3692 850 3754 Thebanis
873 3693 907 3753 et
929 3691 1107 3753 corinthiis
1130 3692 1267 3755 sociata.

868 3916 911 3977 ΙΙ.

317 4105 431 4165 Etiam
455 4108 567 4164 minus
586 4106 666 4164 tunc
684 4118 783 4178 quam
803 4103 882 4165 olim
902 4106 1019 4180 poetae
1039 4105 1164 4166 comico
1175 4104 1373 4180 placuerunt
1385 4104 1505 4168 civium

266 4221 305 4280 in
343 4234 378 4279 re
417 4216 549 4294 publica
582 4217 786 4293 capessenda
817 4219 963 4279 consilia.
996 4218 1058 4279 Sed
1089 4218 1213 4279 dudum
1244 4218 1403 4279 didicerat
1425 4218 1507 4280 talia

267 4332 436 4409 aversari,
460 4335 495 4393 et
516 4331 718 4408 placiditatis
737 4330 859 4404 aliquid
879 4332 908 4391 ei
927 4331 1088 4392 attulerat
1107 4333 1200 4392 aetas
1212 4332 1382 4393 maturior.
1395 4332 1507 4393 Novae

267 4448 388 4508 autem
430 4446 645 4520 quaestiones
679 4445 736 4507 illo
769 4448 918 4520 tempore
952 4445 1080 4507 moveri
1114 4447 1193 4505 sunt
1226 4448 1376 4521 coeptae,
1411 4447 1508 4506 novis

267 4558 395 4619 studiis
418 4558 522 4619 animi
540 4558 713 4619 hominum
733 4557 1007 4633 incendebantur;
1029 4572 1112 4631 quae
1131 4558 1236 4633 ipsius
1255 4573 1382 4631 quoque
1395 4560 1507 4621 oculos

269 4674 307 4732 in
332 4686 369 4731 se
393 4673 637 4735 converterunt.

308 4852 430 4915 ¹)1soor.
448 4857 498 4906 vn
516 4857 530 4915 t
548 4858 588 4903 88.
