4067 5950
716 781 796 826 vrrs
818 781 858 826 rr
881 780 1050 828 ornamus.
1435 770 1500 830 189

259 955 388 1016 modos
418 955 567 1016 musicos
597 952 796 1015 deridendos
823 951 864 1013 ab
891 951 1059 1027 Aeschylo
1089 953 1333 1030 Aristophaneo
1361 955 1500 1032 prolata.

259 1069 345 1130 Mox
376 1085 454 1131 vero
484 1069 647 1132 sentimus
676 1069 879 1128 nontamen
904 1066 944 1127 de
966 1082 1002 1128 re
1026 1066 1147 1143 pusilla
1169 1069 1365 1131 innocuisve
1389 1068 1501 1144 aliqui·

259 1182 330 1243 bus
360 1183 453 1244 vocis
482 1180 765 1244 modulationibus
794 1179 974 1257 disputari,
1005 1180 1063 1242 sed
1094 1181 1126 1242 ld
1154 1182 1209 1258 agi
1230 1185 1345 1244 utrum
1368 1181 1502 1259 linguae

259 1311 310 1356 an
346 1295 492 1371 gutturis
524 1295 559 1355 in
589 1296 661 1356 arte
691 1293 824 1355 scenica
853 1293 1005 1354 futurum
1036 1292 1080 1354 sit
1114 1309 1268 1372 regnum,
1305 1310 1384 1356 nam
1418 1310 1502 1369 quae

259 1409 426 1470 dictionis
456 1407 578 1469 ancilla
607 1406 688 1469 olim
717 1406 839 1468 inisset
861 1405 1006 1483 musica,
1036 1422 1135 1468 suum
1159 1408 1226 1470 iam
1248 1408 1312 1469 sibi
1335 1407 1389 1470 ius
1412 1424 1502 1470 osse·

258 1537 356 1599 rere,
392 1537 473 1582 mox
506 1521 709 1597 superiorem
742 1519 890 1582 futuram
921 1522 955 1581 et
985 1523 1161 1596 poetarum
1195 1521 1296 1583 verba
1329 1521 1502 1583 lenociniis

260 1637 402 1697 aurium
424 1637 551 1698 servire
575 1635 755 1697 iussurum.

310 1751 402 1813 Ante
435 1765 557 1827 paucos
591 1764 696 1811 annos
730 1751 829 1826 poeta
863 1749 999 1825 quidam
1034 1749 1269 1827 Aristophanis
1302 1750 1451 1826 aequalis
1485 1768 1502 1813 e

259 1864 432 1940 sepulcris
462 1862 677 1939 Aegyptiacis
700 1863 884 1924 resurrexit
911 1863 988 1939 post
1009 1862 1193 1924 multorum
1216 1862 1425 1925 saeculorum
1449 1863 1502 1925 ob-

259 1979 442 2054 livionem,
481 1977 615 2051 iamque
657 1975 824 2038 Timothei
861 1991 970 2052 nugas
1011 1990 1209 2037 numerosas
1241 1976 1415 2053 perlegens
1448 1979 1505 2052 qui

261 2107 385 2153 secum
415 2091 545 2167 reputat
572 2090 663 2152 nomi
686 2089 783 2165 lyrici
805 2090 845 2151 ab
869 2091 941 2165 ipso
963 2091 1061 2165 poeta
1085 2089 1255 2152 occinente
1283 2091 1356 2166 lyra
1378 2093 1503 2153 cantati

262 2205 352 2265 oiim
376 2207 410 2265 et
433 2203 548 2264 saltati
568 2203 650 2265 haec
670 2218 745 2265 esse
765 2203 881 2280 verba,
903 2203 978 2264 dein
997 2217 1136 2265 canoros
1156 2203 1216 2264 hos
1237 2203 1277 2265 de
1293 2205 1502 2281 pugnaSala·

261 2318 374 2378 minia
397 2316 581 2379 versiculos
608 2317 735 2380 confert
764 2333 841 2380 cum
865 2317 981 2380 eadem
1005 2317 1146 2378 materie
1169 2318 1383 2394 septuaginta
1406 2321 1503 2380 annis

266 2435 373 2492 antea
404 2431 445 2492 ab
472 2430 640 2506 Aeschylo
670 2432 705 2492 in
735 2431 847 2493 Persis
870 2431 1021 2493 dramate
1045 2431 1201 2508 tractata,
1226 2431 1256 2491 is
1278 2431 1413 2507 penitus
1434 2449 1503 2509 per·

263 2545 374 2606 sentit
405 2560 462 2606 cur
492 2545 620 2606 cornico
650 2547 765 2606 nostro
795 2544 872 2606 bilis
902 2545 1047 2620 coeperit
1069 2546 1274 2621 turgescere,
1298 2545 1337 2604 ut
1358 2546 1502 2621 primum

263 2674 382 2720 coram
401 2658 474 2733 ipso
494 2659 835 2720 commemorarentur
854 2672 945 2719 nova
962 2658 1139 2720 modorum
1158 2657 1363 2719 musicorum
1378 2658 1505 2720 lumina

264 2776 301 2834 et
334 2774 555 2834 incrementa.
585 2771 710 2848 Nempe
741 2773 859 2833 sancta
881 2786 966 2847 quae
991 2772 1022 2833 ei
1045 2774 1118 2833 erat
1141 2787 1195 2833 ars
1219 2773 1404 2849 poetarum,
1429 2787 1502 2834 eam

263 2888 348 2948 sede
368 2884 550 2948 honorifica
568 2884 698 2946 detrudi
718 2884 851 2946 videbat
870 2884 904 2945 in
923 2899 1082 2946 sonorum
1101 2884 1250 2946 inanium
1266 2885 1503 2948 ministerium.

263 3002 420 3063 Pessime
458 3000 679 3078 displicebant
718 3002 748 3061 ei
787 3000 971 3062 recentium
1006 2999 1271 3063 versificatorem
1311 3002 1503 3079 conamina,

264 3117 325 3178 sed
351 3118 488 3193 gravius
512 3116 614 3177 etiam
639 3114 753 3177 oderat
775 3112 915 3176 artificia
938 3116 1128 3176 cantorum:
1149 3115 1327 3193 multiplici
1347 3116 1403 3178 illo
1422 3120 1502 3178 stre·

264 3232 340 3305 pitu
373 3229 510 3292 deleniri
540 3228 683 3290 tortasse
715 3243 828 3306 aures,
860 3228 1000 3289 obtundi
1029 3230 1195 3303 mentem;
1223 3230 1265 3290 iis
1289 3230 1503 3306 potissimum

265 3346 378 3421 poetis
401 3358 475 3406 esse
499 3342 616 3404 utilem
639 3343 696 3416 qui
719 3343 806 3417 quod
829 3343 977 3405 dicerent
995 3357 1068 3404 -non
1092 3341 1263 3404 haberent.
1294 3344 1332 3404 in
1355 3344 1503 3406 Nubibus

265 3458 382 3519 tabula
415 3457 496 3519 olim
530 3458 618 3519 inter
650 3473 814 3520 novorum
849 3460 1026 3520 numinum
1058 3459 1202 3521 cultores
1230 3458 1329 3520 iuxta
1358 3462 1505 3522 medicos

266 3571 553 3633 circumforaneos
583 3574 617 3633 et
645 3572 833 3649 astrologos
862 3572 1010 3646 aliosque
1041 3572 1241 3649 impostores
1264 3574 1366 3635 etiam
1389 3577 1504 3652 poetas

223 3719 226 3725 -
267 3685 537 3759 dithyrambicos
571 3687 784 3747 recensuerat
813 3685 1070 3764 Aristophanes,
1103 3687 1218 3749 eodem
1249 3688 1404 3750 videlicet
1433 3690 1502 3749 iure

267 3802 410 3862 cunctos
439 3800 632 3861 istiusmodi
663 3797 808 3861 artifices
837 3799 980 3876 habens,
1011 3801 1084 3862 sive
1114 3801 1315 3864 dexteritate
1346 3802 1503 3864 articulos

266 3917 422 3989 aegrotos
452 3915 623 3991 depsendi,
655 3914 726 3977 sive
754 3914 894 3990 magicis
916 3914 1114 3988 quibusdam
1137 3915 1407 3992 incantamentis,
1431 3916 1503 3976 sive

267 4028 416 4101 gutturis
446 4027 691 4105 digitorumque
713 4026 899 4089 mobilitate
922 4030 1094 4104 captarent
1116 4027 1270 4090 homines
1291 4032 1325 4090 et
1346 4045 1503 4090 nummos

268 4141 333 4200 sibi
357 4143 564 4215 quaererent.
584 4142 696 4216 Neque
715 4142 806 4203 enim
825 4155 944 4202 sanum
964 4156 1084 4216 corpus
1104 4156 1208 4216 neque
1228 4156 1348 4203 sanum
1368 4159 1502 4204 carmen

269 4256 396 4316 talibus
435 4256 583 4332 indigere
623 4256 824 4332 praestigiis.
866 4256 1014 4331 Simplici
1054 4259 1148 4317 veste
1182 4271 1316 4318 musam
1351 4257 1501 4318 decoram
1619 4312 1626 4321 .

269 4369 372 4430 satis:
403 4384 510 4430 novae
540 4369 623 4430 artis
646 4370 779 4430 varium
806 4372 961 4429 ornatum
993 4370 1169 4431 meretrice
1200 4370 1335 4445 dignum
1360 4371 1412 4432 vel
1436 4387 1501 4432 anu

269 4484 482 4544 iuventutem
505 4482 677 4544 ementita.
