<?xml version="1.0" encoding="UTF-8"?>
<!DOCTYPE html PUBLIC "-//W3C//DTD XHTML 1.0 Transitional//EN"
    "http://www.w3.org/TR/xhtml1/DTD/xhtml1-transitional.dtd">
<html xmlns="http://www.w3.org/1999/xhtml" xml:lang="en" lang="en">
 <head>
  <title>
</title>
<meta http-equiv="Content-Type" content="text/html;charset=utf-8" />
  <meta name='ocr-system' content='tesseract 3.04.00' />
  <meta name='ocr-capabilities' content='ocr_page ocr_carea ocr_par ocr_line ocrx_word'/>
</head>
<body>
  <div class='ocr_page' id='page_1' title='image "./prolegomenaadar01unkngoog/prolegomenaadar01unkngoog_0360.png"; bbox 0 0 4067 5950; ppageno 0'>
   <div class='ocr_carea' id='block_1_1' title="bbox 604 719 1395 779">
    <p class='ocr_par' dir='ltr' id='par_1_1' title="bbox 604 719 1395 779">
     <span class='ocr_line' id='line_1_1' title="bbox 604 719 1395 779; baseline -0.004 0"><span class='ocrx_word' id='word_1_1' title='bbox 604 719 670 779; x_wconf 85' lang='lat'><strong>348</strong></span> <span class='ocrx_word' id='word_1_2' title='bbox 1044 732 1087 777; x_wconf 86' lang='lat' dir='ltr'><strong>rur</strong></span> <span class='ocrx_word' id='word_1_3' title='bbox 1110 729 1218 776; x_wconf 81' lang='lat' dir='ltr'><strong>ruxru</strong></span> <span class='ocrx_word' id='word_1_4' title='bbox 1242 730 1395 776; x_wconf 74' lang='lat' dir='ltr'><strong>umido.</strong></span> 
     </span>
    </p>
   </div>
   <div class='ocr_carea' id='block_1_2' title="bbox 602 901 1866 4156">
    <p class='ocr_par' dir='ltr' id='par_1_2' title="bbox 602 901 1866 4156">
     <span class='ocr_line' id='line_1_2' title="bbox 649 901 1800 967; baseline -0.002 -2"><span class='ocrx_word' id='word_1_5' title='bbox 649 905 736 966; x_wconf 82' lang='lat' dir='ltr'><strong>Ante</strong></span> <span class='ocrx_word' id='word_1_6' title='bbox 770 905 884 967; x_wconf 91' lang='lat' dir='ltr'><strong>oculos</strong></span> <span class='ocrx_word' id='word_1_7' title='bbox 918 907 1054 966; x_wconf 89' lang='lat' dir='ltr'><strong>nostros</strong></span> <span class='ocrx_word' id='word_1_8' title='bbox 1088 903 1218 963; x_wconf 89' lang='lat' dir='ltr'><strong>sincera</strong></span> <span class='ocrx_word' id='word_1_9' title='bbox 1254 901 1365 963; x_wconf 84' lang='lat' dir='ltr'><strong>forma</strong></span> <span class='ocrx_word' id='word_1_10' title='bbox 1395 904 1547 964; x_wconf 87' lang='lat' dir='ltr'><strong>mutatur</strong></span> <span class='ocrx_word' id='word_1_11' title='bbox 1578 903 1610 964; x_wconf 92' lang='lat' dir='ltr'><strong>in</strong></span> <span class='ocrx_word' id='word_1_12' title='bbox 1640 903 1800 964; x_wconf 79' lang='lat' dir='ltr'>deteriorem</span> 
     </span>
     <span class='ocr_line' id='line_1_3' title="bbox 603 1016 1390 1096; baseline -0.006 -16"><span class='ocrx_word' id='word_1_13' title='bbox 603 1019 684 1081; x_wconf 71' lang='lat' dir='ltr'><strong>Acb.</strong></span> <span class='ocrx_word' id='word_1_14' title='bbox 709 1020 785 1096; x_wconf 84' lang='grc'><strong>236,</strong></span> <span class='ocrx_word' id='word_1_15' title='bbox 809 1019 866 1079; x_wconf 91' lang='lat' dir='ltr'><strong>ubi</strong></span> <span class='ocrx_word' id='word_1_16' title='bbox 890 1019 1046 1079; x_wconf 88' lang='lat' dir='ltr'><strong>librarius</strong></span> <span class='ocrx_word' id='word_1_17' title='bbox 1071 1017 1099 1077; x_wconf 87' lang='lat' dir='ltr'><strong>R</strong></span> <span class='ocrx_word' id='word_1_18' title='bbox 1122 1021 1213 1077; x_wconf 86' lang='lat' dir='ltr'><strong>recte</strong></span> <span class='ocrx_word' id='word_1_19' title='bbox 1236 1016 1390 1090; x_wconf 82' lang='lat' dir='ltr'>scripsit:</span> 
     </span>
     <span class='ocr_line' id='line_1_4' title="bbox 784 1124 1716 1212; baseline -0.001 -22"><span class='ocrx_word' id='word_1_20' title='bbox 784 1129 824 1203; x_wconf 82' lang='grc' dir='ltr'><strong>ὡς</strong></span> <span class='ocrx_word' id='word_1_21' title='bbox 848 1129 905 1212; x_wconf 75' lang='grc' dir='ltr'><strong>ἐγὼ</strong></span> <span class='ocrx_word' id='word_1_22' title='bbox 928 1131 1049 1208; x_wconf 80' lang='grc' dir='ltr'><em>βάλλων</em></span> <span class='ocrx_word' id='word_1_23' title='bbox 1074 1128 1192 1190; x_wconf 75' lang='grc' dir='ltr'><strong><em>ἐκεῖνον</em></strong></span> <span class='ocrx_word' id='word_1_24' title='bbox 1216 1128 1273 1190; x_wconf 76' lang='grc' dir='ltr'><strong><em>οὐκ</em></strong></span> <span class='ocrx_word' id='word_1_25' title='bbox 1296 1124 1336 1187; x_wconf 74' lang='grc' dir='ltr'><strong><em>ἂν</em></strong></span> <span class='ocrx_word' id='word_1_26' title='bbox 1360 1126 1587 1207; x_wconf 79' lang='grc' dir='ltr'><strong><em>ἕμπλήιμην</em></strong></span> <span class='ocrx_word' id='word_1_27' title='bbox 1611 1130 1716 1205; x_wconf 86' lang='grc' dir='ltr'><strong><em>λίθοις,</em></strong></span> 
     </span>
     <span class='ocr_line' id='line_1_5' title="bbox 604 1243 1804 1321; baseline -0.005 -15"><span class='ocrx_word' id='word_1_28' title='bbox 604 1246 661 1306; x_wconf 87' lang='lat' dir='ltr'><strong>sed</strong></span> <span class='ocrx_word' id='word_1_29' title='bbox 685 1245 862 1321; x_wconf 88' lang='lat' dir='ltr'><strong>postmodo</strong></span> <span class='ocrx_word' id='word_1_30' title='bbox 886 1260 1021 1305; x_wconf 80' lang='lat' dir='ltr'><strong>erasum</strong></span> <span class='ocrx_word' id='word_1_31' title='bbox 1046 1246 1099 1305; x_wconf 87' lang='lat' dir='ltr'><strong>est</strong></span> <span class='ocrx_word' id='word_1_32' title='bbox 1125 1266 1136 1302; x_wconf 89' lang='grc' dir='ltr'><strong><em>ι</em></strong></span> <span class='ocrx_word' id='word_1_33' title='bbox 1161 1246 1193 1304; x_wconf 89' lang='lat' dir='ltr'><strong>et</strong></span> <span class='ocrx_word' id='word_1_34' title='bbox 1217 1243 1330 1303; x_wconf 85' lang='lat' dir='ltr'><strong>littera</strong></span> <span class='ocrx_word' id='word_1_35' title='bbox 1348 1265 1368 1319; x_wconf 83' lang='grc' dir='ltr'><strong><em>η</em></strong></span> <span class='ocrx_word' id='word_1_36' title='bbox 1387 1244 1422 1303; x_wconf 91' lang='lat' dir='ltr'><strong>in</strong></span> <span class='ocrx_word' id='word_1_37' title='bbox 1441 1244 1577 1318; x_wconf 80' lang='lat' dir='ltr'><strong>signum</strong></span> <span class='ocrx_word' id='word_1_38' title='bbox 1595 1243 1772 1319; x_wconf 83' lang='lat' dir='ltr'><strong>drphtbongi</strong></span> <span class='ocrx_word' id='word_1_39' title='bbox 1786 1264 1804 1301; x_wconf 82' lang='grc' dir='ltr'><strong><em>ει</em></strong></span> 
     </span>
     <span class='ocr_line' id='line_1_6' title="bbox 605 1361 821 1419; baseline 0.005 -1"><span class='ocrx_word' id='word_1_40' title='bbox 605 1363 656 1419; x_wconf 88' lang='lat' dir='ltr'><strong>est</strong></span> <span class='ocrx_word' id='word_1_41' title='bbox 679 1361 821 1419; x_wconf 89' lang='lat' dir='ltr'><strong>mutata.</strong></span> 
     </span>
     <span class='ocr_line' id='line_1_7' title="bbox 648 1470 1782 1545; baseline -0.004 -13"><span class='ocrx_word' id='word_1_42' title='bbox 648 1473 770 1533; x_wconf 90' lang='lat' dir='ltr'><strong>Iisdem</strong></span> <span class='ocrx_word' id='word_1_43' title='bbox 795 1470 988 1532; x_wconf 88' lang='lat' dir='ltr'><strong>bominibus</strong></span> <span class='ocrx_word' id='word_1_44' title='bbox 1012 1470 1149 1531; x_wconf 89' lang='lat' dir='ltr'><strong>debetur</strong></span> <span class='ocrx_word' id='word_1_45' title='bbox 1173 1470 1261 1544; x_wconf 85' lang='lat' dir='ltr'><strong>quod</strong></span> <span class='ocrx_word' id='word_1_46' title='bbox 1284 1470 1362 1545; x_wconf 88' lang='lat' dir='ltr'><strong>Lys.</strong></span> <span class='ocrx_word' id='word_1_47' title='bbox 1388 1471 1452 1531; x_wconf 83' lang='grc'><strong>235</strong></span> <span class='ocrx_word' id='word_1_48' title='bbox 1477 1485 1527 1543; x_wconf 85' lang='lat' dir='ltr'><strong>sq.</strong></span> <span class='ocrx_word' id='word_1_49' title='bbox 1551 1473 1604 1530; x_wconf 89' lang='lat' dir='ltr'><strong>est</strong></span> <span class='ocrx_word' id='word_1_50' title='bbox 1627 1471 1782 1530; x_wconf 88' lang='lat' dir='ltr'><strong>traditum:</strong></span> 
     </span>
     <span class='ocr_line' id='line_1_8' title="bbox 782 1581 1565 1662; baseline -0.001 -19"><span class='ocrx_word' id='word_1_51' title='bbox 782 1584 807 1643; x_wconf 82' lang='grc' dir='ltr'><strong>εί</strong></span> <span class='ocrx_word' id='word_1_52' title='bbox 831 1581 863 1643; x_wconf 77' lang='lat' dir='ltr'><strong>di</strong></span> <span class='ocrx_word' id='word_1_53' title='bbox 886 1584 1076 1662; x_wconf 78' lang='grc' dir='ltr'><strong><em>παραβαίην,</em></strong></span> <span class='ocrx_word' id='word_1_54' title='bbox 1097 1582 1210 1655; x_wconf 76' lang='grc' dir='ltr'><strong><em>ὕδατος</em></strong></span> <span class='ocrx_word' id='word_1_55' title='bbox 1234 1582 1442 1662; x_wconf 73' lang='grc' dir='ltr'><strong>ἐμπλησθῇ</strong></span> <span class='ocrx_word' id='word_1_56' title='bbox 1465 1584 1565 1660; x_wconf 82' lang='grc' dir='ltr'><strong><em>κύλιξ,</em></strong></span> 
     </span>
     <span class='ocr_line' id='line_1_9' title="bbox 604 1691 1744 1780; baseline -0.004 -21"><span class='ocrx_word' id='word_1_57' title='bbox 604 1699 659 1759; x_wconf 92' lang='lat' dir='ltr'><strong>ubi</strong></span> <span class='ocrx_word' id='word_1_58' title='bbox 682 1699 845 1761; x_wconf 82' lang='lat' dir='ltr'><strong>sinceram</strong></span> <span class='ocrx_word' id='word_1_59' title='bbox 869 1697 1049 1758; x_wconf 87' lang='lat' dir='ltr'><strong>lectionem</strong></span> <span class='ocrx_word' id='word_1_60' title='bbox 1075 1691 1243 1780; x_wconf 76' lang='grc' dir='ltr'><strong><em>ἐμπλῇθ’</em></strong></span> <span class='ocrx_word' id='word_1_61' title='bbox 1270 1692 1426 1773; x_wconf 74' lang='grc' dir='ltr'><strong><em>ἡκύλιξ</em></strong></span> <span class='ocrx_word' id='word_1_62' title='bbox 1450 1698 1600 1758; x_wconf 80' lang='lat' dir='ltr'><strong>restituit</strong></span> <span class='ocrx_word' id='word_1_63' title='bbox 1622 1697 1744 1757; x_wconf 86' lang='lat' dir='ltr'><strong>Dawes.</strong></span> 
     </span>
     <span class='ocr_line' id='line_1_10' title="bbox 649 1807 1808 1886; baseline -0.004 -15"><span class='ocrx_word' id='word_1_64' title='bbox 649 1812 776 1872; x_wconf 87' lang='lat' dir='ltr'><strong>Similis</strong></span> <span class='ocrx_word' id='word_1_65' title='bbox 804 1812 914 1871; x_wconf 87' lang='lat' dir='ltr'><strong>forma</strong></span> <span class='ocrx_word' id='word_1_66' title='bbox 944 1825 1057 1872; x_wconf 84' lang='lat' dir='ltr'><strong>coram</strong></span> <span class='ocrx_word' id='word_1_67' title='bbox 1088 1811 1183 1871; x_wconf 90' lang='lat' dir='ltr'><strong>nobis</strong></span> <span class='ocrx_word' id='word_1_68' title='bbox 1214 1813 1331 1886; x_wconf 88' lang='lat' dir='ltr'><strong>poetae</strong></span> <span class='ocrx_word' id='word_1_69' title='bbox 1355 1811 1541 1871; x_wconf 87' lang='lat' dir='ltr'><strong>obtruditur</strong></span> <span class='ocrx_word' id='word_1_70' title='bbox 1565 1811 1650 1871; x_wconf 90' lang='lat' dir='ltr'><strong>Plut.</strong></span> <span class='ocrx_word' id='word_1_71' title='bbox 1675 1810 1749 1881; x_wconf 86' lang='grc'><strong>892;</strong></span> <span class='ocrx_word' id='word_1_72' title='bbox 1768 1807 1808 1867; x_wconf 91' lang='lat' dir='ltr'><strong>ubi</strong></span> 
     </span>
     <span class='ocr_line' id='line_1_11' title="bbox 603 1914 1808 2001; baseline -0.006 -16"><span class='ocrx_word' id='word_1_73' title='bbox 603 1927 693 1987; x_wconf 86' lang='lat' dir='ltr'><strong>recta</strong></span> <span class='ocrx_word' id='word_1_74' title='bbox 727 1922 981 2001; x_wconf 74' lang='grc' dir='ltr'><strong><em>ἐμπλήμενος</em></strong></span> <span class='ocrx_word' id='word_1_75' title='bbox 1011 1925 1174 1999; x_wconf 91' lang='lat' dir='ltr'><strong>scriptum</strong></span> <span class='ocrx_word' id='word_1_76' title='bbox 1207 1926 1258 1985; x_wconf 86' lang='lat' dir='ltr'><strong>est</strong></span> <span class='ocrx_word' id='word_1_77' title='bbox 1288 1914 1464 1985; x_wconf 79' lang='lat' dir='ltr'><strong>a&#39;codicis</strong></span> <span class='ocrx_word' id='word_1_78' title='bbox 1493 1924 1521 1983; x_wconf 90' lang='lat' dir='ltr'><strong>R</strong></span> <span class='ocrx_word' id='word_1_79' title='bbox 1550 1923 1700 1998; x_wconf 89' lang='lat' dir='ltr'><strong>librario,</strong></span> <span class='ocrx_word' id='word_1_80' title='bbox 1723 1919 1808 1998; x_wconf 77' lang='grc' dir='ltr'><strong><em>ἐμπλή-</em></strong></span> 
     </span>
     <span class='ocr_line' id='line_1_12' title="bbox 603 2036 1812 2116; baseline -0.005 -17"><span class='ocrx_word' id='word_1_81' title='bbox 603 2055 712 2116; x_wconf 81' lang='grc' dir='ltr'><strong><em>σμινος</em></strong></span> <span class='ocrx_word' id='word_1_82' title='bbox 737 2054 814 2099; x_wconf 86' lang='lat' dir='ltr'><strong>vero</strong></span> <span class='ocrx_word' id='word_1_83' title='bbox 837 2038 974 2114; x_wconf 85' lang='lat' dir='ltr'><strong>scripsit</strong></span> <span class='ocrx_word' id='word_1_84' title='bbox 997 2041 1174 2114; x_wconf 86' lang='lat' dir='ltr'><strong>corrector,</strong></span> <span class='ocrx_word' id='word_1_85' title='bbox 1211 2037 1308 2111; x_wconf 85' lang='lat' dir='ltr'><strong>idque</strong></span> <span class='ocrx_word' id='word_1_86' title='bbox 1327 2038 1361 2097; x_wconf 90' lang='lat' dir='ltr'><strong>in</strong></span> <span class='ocrx_word' id='word_1_87' title='bbox 1381 2037 1410 2096; x_wconf 90' lang='lat' dir='ltr'>V</span> <span class='ocrx_word' id='word_1_88' title='bbox 1429 2038 1537 2113; x_wconf 84' lang='lat' dir='ltr'><strong>extat,</strong></span> <span class='ocrx_word' id='word_1_89' title='bbox 1559 2037 1635 2097; x_wconf 89' lang='lat' dir='ltr'><strong>dein</strong></span> <span class='ocrx_word' id='word_1_90' title='bbox 1648 2038 1682 2097; x_wconf 89' lang='lat' dir='ltr'><strong>in</strong></span> <span class='ocrx_word' id='word_1_91' title='bbox 1694 2036 1812 2097; x_wconf 88' lang='lat' dir='ltr'><strong>deterius</strong></span> 
     </span>
     <span class='ocr_line' id='line_1_13' title="bbox 603 2148 1577 2227; baseline -0.007 -13"><span class='ocrx_word' id='word_1_92' title='bbox 603 2168 703 2214; x_wconf 88' lang='lat' dir='ltr'><strong>ruens</strong></span> <span class='ocrx_word' id='word_1_93' title='bbox 726 2152 823 2213; x_wconf 89' lang='lat' dir='ltr'><strong>lectio</strong></span> <span class='ocrx_word' id='word_1_94' title='bbox 848 2155 1003 2226; x_wconf 86' lang='lat' dir='ltr'><strong>corrupta</strong></span> <span class='ocrx_word' id='word_1_95' title='bbox 1027 2152 1061 2211; x_wconf 92' lang='lat' dir='ltr'><strong>in</strong></span> <span class='ocrx_word' id='word_1_96' title='bbox 1085 2152 1114 2212; x_wconf 84' lang='lat' dir='ltr'>A</span> <span class='ocrx_word' id='word_1_97' title='bbox 1138 2151 1226 2211; x_wconf 87' lang='lat' dir='ltr'><strong>facta</strong></span> <span class='ocrx_word' id='word_1_98' title='bbox 1249 2153 1302 2212; x_wconf 88' lang='lat' dir='ltr'><strong>est</strong></span> <span class='ocrx_word' id='word_1_99' title='bbox 1324 2148 1577 2227; x_wconf 73' lang='grc' dir='ltr'><strong><em>ἐμπεπλησμένος,</em></strong></span> 
     </span>
     <span class='ocr_line' id='line_1_14' title="bbox 649 2260 1812 2343; baseline -0.008 -15"><span class='ocrx_word' id='word_1_100' title='bbox 649 2267 737 2343; x_wconf 84' lang='lat' dir='ltr'><strong>Quae</strong></span> <span class='ocrx_word' id='word_1_101' title='bbox 769 2268 824 2340; x_wconf 91' lang='lat' dir='ltr'><strong>qui</strong></span> <span class='ocrx_word' id='word_1_102' title='bbox 855 2281 970 2327; x_wconf 88' lang='lat' dir='ltr'><strong>secum</strong></span> <span class='ocrx_word' id='word_1_103' title='bbox 1002 2268 1150 2342; x_wconf 84' lang='lat' dir='ltr'><strong>reputat,</strong></span> <span class='ocrx_word' id='word_1_104' title='bbox 1180 2281 1246 2326; x_wconf 90' lang='lat' dir='ltr'><strong>non</strong></span> <span class='ocrx_word' id='word_1_105' title='bbox 1270 2266 1434 2327; x_wconf 84' lang='lat' dir='ltr'><strong>dubitabit</strong></span> <span class='ocrx_word' id='word_1_106' title='bbox 1456 2266 1534 2340; x_wconf 90' lang='lat' dir='ltr'><strong>quin</strong></span> <span class='ocrx_word' id='word_1_107' title='bbox 1557 2269 1754 2341; x_wconf 82' lang='grc' dir='ltr'><strong><em>-κλι(ν)θα”μαι</em></strong></span> <span class='ocrx_word' id='word_1_108' title='bbox 1773 2260 1812 2320; x_wconf 89' lang='lat' dir='ltr'><strong>ubi</strong></span> 
     </span>
     <span class='ocr_line' id='line_1_15' title="bbox 603 2379 1717 2457; baseline -0.004 -15"><span class='ocrx_word' id='word_1_109' title='bbox 603 2382 744 2457; x_wconf 80' lang='lat' dir='ltr'><strong>legatur,</strong></span> <span class='ocrx_word' id='word_1_110' title='bbox 769 2381 803 2440; x_wconf 89' lang='lat' dir='ltr'><strong>in</strong></span> <span class='ocrx_word' id='word_1_111' title='bbox 827 2383 982 2457; x_wconf 77' lang='grc' dir='ltr'><strong><em>-κλινῆναι</em></strong></span> <span class='ocrx_word' id='word_1_112' title='bbox 1005 2380 1052 2440; x_wconf 88' lang='lat' dir='ltr'><strong>sit</strong></span> <span class='ocrx_word' id='word_1_113' title='bbox 1075 2380 1284 2440; x_wconf 89' lang='lat' dir='ltr'><strong>mutandum.</strong></span> <span class='ocrx_word' id='word_1_114' title='bbox 1308 2380 1403 2441; x_wconf 89' lang='lat' dir='ltr'><strong>Unus</strong></span> <span class='ocrx_word' id='word_1_115' title='bbox 1426 2379 1519 2440; x_wconf 87' lang='lat' dir='ltr'><strong>locus</strong></span> <span class='ocrx_word' id='word_1_116' title='bbox 1542 2379 1717 2439; x_wconf 85' lang='lat' dir='ltr'><strong>afferatur:</strong></span> 
     </span>
     <span class='ocr_line' id='line_1_16' title="bbox 693 2494 857 2555; baseline 0 -1"><span class='ocrx_word' id='word_1_117' title='bbox 693 2494 756 2554; x_wconf 80' lang='lat' dir='ltr'><strong>Au.</strong></span> <span class='ocrx_word' id='word_1_118' title='bbox 783 2495 857 2555; x_wconf 84' lang='lat'><strong>122.</strong></span> 
     </span>
     <span class='ocr_line' id='line_1_17' title="bbox 789 2606 1617 2686; baseline -0.001 -19"><span class='ocrx_word' id='word_1_119' title='bbox 789 2607 888 2681; x_wconf 76' lang='grc' dir='ltr'><strong><em>ὥσπερ</em></strong></span> <span class='ocrx_word' id='word_1_120' title='bbox 916 2607 1047 2683; x_wconf 79' lang='grc' dir='ltr'><strong><em>σισύραν</em></strong></span> <span class='ocrx_word' id='word_1_121' title='bbox 1070 2606 1421 2686; x_wconf 76' lang='grc' dir='ltr'><strong><em>ἐγκατακλιθῆναι</em></strong></span> <span class='ocrx_word' id='word_1_122' title='bbox 1444 2608 1617 2685; x_wconf 81' lang='grc' dir='ltr'><strong><em>μαλθακήν.</em></strong></span> 
     </span>
     <span class='ocr_line' id='line_1_18' title="bbox 604 2719 1813 2802; baseline -0.007 -16"><span class='ocrx_word' id='word_1_123' title='bbox 604 2727 657 2786; x_wconf 88' lang='lat' dir='ltr'><strong>Sic</strong></span> <span class='ocrx_word' id='word_1_124' title='bbox 689 2726 726 2802; x_wconf 90' lang='lat' dir='ltr'><strong>V,</strong></span> <span class='ocrx_word' id='word_1_125' title='bbox 763 2726 853 2785; x_wconf 89' lang='lat' dir='ltr'><strong>recte</strong></span> <span class='ocrx_word' id='word_1_126' title='bbox 888 2738 967 2783; x_wconf 89' lang='lat' dir='ltr'><strong>vero</strong></span> <span class='ocrx_word' id='word_1_127' title='bbox 998 2722 1026 2781; x_wconf 92' lang='lat' dir='ltr'><strong>R</strong></span> <span class='ocrx_word' id='word_1_128' title='bbox 1061 2719 1320 2801; x_wconf 76' lang='grc' dir='ltr'><strong><em>ἐγκατακλινῆναι.</em></strong></span> <span class='ocrx_word' id='word_1_129' title='bbox 1352 2722 1403 2782; x_wconf 84' lang='lat' dir='ltr'><strong>Ad</strong></span> <span class='ocrx_word' id='word_1_130' title='bbox 1433 2737 1533 2796; x_wconf 90' lang='lat' dir='ltr'><strong>quam</strong></span> <span class='ocrx_word' id='word_1_131' title='bbox 1563 2721 1738 2782; x_wconf 89' lang='lat' dir='ltr'><strong>lectionem</strong></span> <span class='ocrx_word' id='word_1_132' title='bbox 1764 2720 1813 2779; x_wconf 91' lang='lat' dir='ltr'><strong>sin·</strong></span> 
     </span>
     <span class='ocr_line' id='line_1_19' title="bbox 604 2832 1816 2912; baseline -0.007 -13"><span class='ocrx_word' id='word_1_133' title='bbox 604 2854 716 2900; x_wconf 88' lang='lat' dir='ltr'><strong>ceram</strong></span> <span class='ocrx_word' id='word_1_134' title='bbox 734 2834 756 2909; x_wconf 90' lang='lat'><strong>¹)</strong></span> <span class='ocrx_word' id='word_1_135' title='bbox 791 2837 872 2898; x_wconf 90' lang='lat' dir='ltr'><strong>olim</strong></span> <span class='ocrx_word' id='word_1_136' title='bbox 907 2839 1108 2897; x_wconf 86' lang='lat' dir='ltr'><strong>annotatum</strong></span> <span class='ocrx_word' id='word_1_137' title='bbox 1139 2838 1208 2897; x_wconf 89' lang='lat' dir='ltr'><strong>sst:</strong></span> <span class='ocrx_word' id='word_1_138' title='bbox 1243 2835 1359 2911; x_wconf 74' lang='grc' dir='ltr'><strong><em>,οὕτως</em></strong></span> <span class='ocrx_word' id='word_1_139' title='bbox 1389 2835 1521 2912; x_wconf 76' lang='grc' dir='ltr'><strong><em>Ἀττικαί,</em></strong></span> <span class='ocrx_word' id='word_1_140' title='bbox 1545 2832 1585 2906; x_wconf 79' lang='grc' dir='ltr'><strong>ὡς</strong></span> <span class='ocrx_word' id='word_1_141' title='bbox 1613 2833 1645 2895; x_wconf 75' lang='grc' dir='ltr'><strong><em>ἐν</em></strong></span> <span class='ocrx_word' id='word_1_142' title='bbox 1676 2833 1816 2910; x_wconf 65' lang='grc' dir='ltr'><strong><em>Νεφέλαις</em></strong></span> 
     </span>
     <span class='ocr_line' id='line_1_20' title="bbox 602 2944 1816 3029; baseline -0.004 -18"><span class='ocrx_word' id='word_1_143' title='bbox 602 2950 687 3011; x_wconf 66' lang='grc' dir='ltr'><strong><em>*ἀλλὰ</em></strong></span> <span class='ocrx_word' id='word_1_144' title='bbox 725 2947 911 3023; x_wconf 71' lang='grc' dir='ltr'><strong><em>κατακλινεὶς</em></strong></span> <span class='ocrx_word' id='word_1_145' title='bbox 951 2944 1065 3029; x_wconf 58' lang='grc' dir='ltr'><strong><em>δευρί.</em></strong></span> <span class='ocrx_word' id='word_1_146' title='bbox 1104 2948 1137 3010; x_wconf 80' lang='grc' dir='ltr'><strong>τὸ</strong></span> <span class='ocrx_word' id='word_1_147' title='bbox 1172 2945 1205 3010; x_wconf 77' lang='lat' dir='ltr'><strong>di</strong></span> <span class='ocrx_word' id='word_1_148' title='bbox 1246 2952 1438 3028; x_wconf 79' lang='grc' dir='ltr'><strong><em>κλι[ν]θηναι</em></strong></span> <span class='ocrx_word' id='word_1_149' title='bbox 1473 2948 1608 3011; x_wconf 87' lang='grc' dir='ltr'><strong><em>κοινόν.”</em></strong></span> <span class='ocrx_word' id='word_1_150' title='bbox 1650 2950 1713 3011; x_wconf 90' lang='lat' dir='ltr'><strong>Ubi</strong></span> <span class='ocrx_word' id='word_1_151' title='bbox 1751 2949 1816 3007; x_wconf 74' lang='lat' dir='ltr'><strong>haec</strong></span> 
     </span>
     <span class='ocr_line' id='line_1_21' title="bbox 604 3064 1817 3142; baseline -0.005 -16"><span class='ocrx_word' id='word_1_152' title='bbox 604 3066 784 3140; x_wconf 79' lang='lat' dir='ltr'><strong>leguntur?</strong></span> <span class='ocrx_word' id='word_1_153' title='bbox 811 3064 882 3125; x_wconf 89' lang='lat' dir='ltr'><strong>Non</strong></span> <span class='ocrx_word' id='word_1_154' title='bbox 906 3065 939 3124; x_wconf 90' lang='lat' dir='ltr'><strong>in</strong></span> <span class='ocrx_word' id='word_1_155' title='bbox 964 3064 1007 3140; x_wconf 90' lang='lat' dir='ltr'><strong>R,</strong></span> <span class='ocrx_word' id='word_1_156' title='bbox 1033 3066 1090 3125; x_wconf 90' lang='lat' dir='ltr'><strong>sed</strong></span> <span class='ocrx_word' id='word_1_157' title='bbox 1115 3064 1148 3124; x_wconf 90' lang='lat' dir='ltr'><strong>in</strong></span> <span class='ocrx_word' id='word_1_158' title='bbox 1172 3065 1210 3142; x_wconf 89' lang='lat' dir='ltr'><strong>V,</strong></span> <span class='ocrx_word' id='word_1_159' title='bbox 1236 3066 1270 3125; x_wconf 91' lang='lat' dir='ltr'><strong>in</strong></span> <span class='ocrx_word' id='word_1_160' title='bbox 1295 3065 1389 3125; x_wconf 92' lang='lat' dir='ltr'><strong>cuius</strong></span> <span class='ocrx_word' id='word_1_161' title='bbox 1412 3067 1543 3125; x_wconf 89' lang='lat' dir='ltr'><strong>textum</strong></span> <span class='ocrx_word' id='word_1_162' title='bbox 1568 3065 1701 3138; x_wconf 86' lang='lat' dir='ltr'><strong>irrepsit</strong></span> <span class='ocrx_word' id='word_1_163' title='bbox 1722 3066 1817 3124; x_wconf 86' lang='lat' dir='ltr'><strong>tamen</strong></span> 
     </span>
     <span class='ocr_line' id='line_1_22' title="bbox 606 3174 1817 3256; baseline -0.005 -17"><span class='ocrx_word' id='word_1_164' title='bbox 606 3181 764 3239; x_wconf 88' lang='lat' dir='ltr'><strong>vitiosum</strong></span> <span class='ocrx_word' id='word_1_165' title='bbox 793 3177 875 3238; x_wconf 92' lang='lat' dir='ltr'><strong>illud</strong></span> <span class='ocrx_word' id='word_1_166' title='bbox 905 3175 1218 3256; x_wconf 75' lang='grc' dir='ltr'><strong><em>ἐγκατακλιθῆναι,</em></strong></span> <span class='ocrx_word' id='word_1_167' title='bbox 1250 3179 1332 3239; x_wconf 89' lang='lat' dir='ltr'><strong>item</strong></span> <span class='ocrx_word' id='word_1_168' title='bbox 1364 3180 1398 3239; x_wconf 88' lang='lat' dir='ltr'><strong>in</strong></span> <span class='ocrx_word' id='word_1_169' title='bbox 1430 3179 1559 3239; x_wconf 89' lang='lat' dir='ltr'><strong>codices</strong></span> <span class='ocrx_word' id='word_1_170' title='bbox 1590 3180 1728 3238; x_wconf 88' lang='lat' dir='ltr'><strong>ceteros.</strong></span> <span class='ocrx_word' id='word_1_171' title='bbox 1751 3174 1817 3251; x_wconf 78' lang='lat' dir='ltr'><strong>Quid</strong></span> 
     </span>
     <span class='ocr_line' id='line_1_23' title="bbox 603 3291 1818 3368; baseline -0.006 -15"><span class='ocrx_word' id='word_1_172' title='bbox 603 3293 690 3367; x_wconf 84' lang='lat' dir='ltr'><strong>quod</strong></span> <span class='ocrx_word' id='word_1_173' title='bbox 708 3293 752 3367; x_wconf 81' lang='lat' dir='ltr'><strong>is,</strong></span> <span class='ocrx_word' id='word_1_174' title='bbox 775 3292 833 3365; x_wconf 90' lang='lat' dir='ltr'><strong>qui</strong></span> <span class='ocrx_word' id='word_1_175' title='bbox 854 3291 982 3353; x_wconf 90' lang='lat' dir='ltr'><strong>scholia</strong></span> <span class='ocrx_word' id='word_1_176' title='bbox 1006 3292 1129 3353; x_wconf 91' lang='lat' dir='ltr'><strong>codicis</strong></span> <span class='ocrx_word' id='word_1_177' title='bbox 1153 3291 1181 3350; x_wconf 84' lang='lat' dir='ltr'>V</span> <span class='ocrx_word' id='word_1_178' title='bbox 1204 3292 1412 3368; x_wconf 84' lang='lat' dir='ltr'><strong>perscripsit,</strong></span> <span class='ocrx_word' id='word_1_179' title='bbox 1438 3293 1573 3366; x_wconf 81' lang='lat' dir='ltr'><strong>gravius</strong></span> <span class='ocrx_word' id='word_1_180' title='bbox 1597 3293 1700 3352; x_wconf 83' lang='lat' dir='ltr'><strong>etiam</strong></span> <span class='ocrx_word' id='word_1_181' title='bbox 1723 3302 1818 3351; x_wconf 85' lang='lat' dir='ltr'><strong>errans</strong></span> 
     </span>
     <span class='ocr_line' id='line_1_24' title="bbox 603 3397 1818 3489; baseline -0.005 -18"><span class='ocrx_word' id='word_1_182' title='bbox 603 3412 712 3473; x_wconf 84' lang='lat' dir='ltr'><strong>textui</strong></span> <span class='ocrx_word' id='word_1_183' title='bbox 742 3411 868 3472; x_wconf 89' lang='lat' dir='ltr'><strong>addidit</strong></span> <span class='ocrx_word' id='word_1_184' title='bbox 894 3410 1043 3470; x_wconf 88' lang='lat' dir='ltr'><strong>litteram</strong></span> <span class='ocrx_word' id='word_1_185' title='bbox 1064 3433 1083 3469; x_wconf 91' lang='grc' dir='ltr'><strong><em>ν</em></strong></span> <span class='ocrx_word' id='word_1_186' title='bbox 1107 3397 1429 3489; x_wconf 77' lang='grc' dir='ltr'><strong><em>(ἐγκατακλῖθηναι)</em></strong></span> <span class='ocrx_word' id='word_1_187' title='bbox 1454 3414 1488 3471; x_wconf 89' lang='lat' dir='ltr'><strong>et</strong></span> <span class='ocrx_word' id='word_1_188' title='bbox 1512 3412 1640 3471; x_wconf 90' lang='lat' dir='ltr'><strong>lemma</strong></span> <span class='ocrx_word' id='word_1_189' title='bbox 1662 3412 1696 3471; x_wconf 91' lang='lat' dir='ltr'><strong>in</strong></span> <span class='ocrx_word' id='word_1_190' title='bbox 1718 3406 1818 3471; x_wconf 86' lang='lat' dir='ltr'><strong>scholii</strong></span> 
     </span>
     <span class='ocr_line' id='line_1_25' title="bbox 604 3521 1817 3603; baseline -0.006 -18"><span class='ocrx_word' id='word_1_191' title='bbox 604 3524 759 3586; x_wconf 80' lang='lat' dir='ltr'><strong>exaravit</strong></span> <span class='ocrx_word' id='word_1_192' title='bbox 800 3521 1142 3603; x_wconf 74' lang='grc' dir='ltr'><strong><em>ἐγκατακλινθηναιε</em></strong></span> <span class='ocrx_word' id='word_1_193' title='bbox 1187 3523 1282 3596; x_wconf 75' lang='grc' dir='ltr'><strong><em>οὕτως</em></strong></span> <span class='ocrx_word' id='word_1_194' title='bbox 1325 3525 1450 3584; x_wconf 78' lang='grc' dir='ltr'><strong><em>Ἀττικοί</em></strong></span> <span class='ocrx_word' id='word_1_195' title='bbox 1490 3521 1546 3583; x_wconf 82' lang='grc' dir='ltr'><strong><em>κτὲ.</em></strong></span> <span class='ocrx_word' id='word_1_196' title='bbox 1584 3561 1623 3570; x_wconf 99' lang='grc'>-</span> <span class='ocrx_word' id='word_1_197' title='bbox 1660 3524 1817 3585; x_wconf 79' lang='lat' dir='ltr'><strong>Poteratne</strong></span> 
     </span>
     <span class='ocr_line' id='line_1_26' title="bbox 603 3637 1819 3714; baseline -0.007 -15"><span class='ocrx_word' id='word_1_198' title='bbox 603 3638 781 3699; x_wconf 87' lang='lat' dir='ltr'><strong>absurdius</strong></span> <span class='ocrx_word' id='word_1_199' title='bbox 805 3637 859 3697; x_wconf 84' lang='lat' dir='ltr'><strong>vel</strong></span> <span class='ocrx_word' id='word_1_200' title='bbox 881 3638 1059 3699; x_wconf 76' lang='lat' dir='ltr'><strong>fallacius?</strong></span> <span class='ocrx_word' id='word_1_201' title='bbox 1082 3637 1209 3714; x_wconf 89' lang='lat' dir='ltr'><strong>Nempe</strong></span> <span class='ocrx_word' id='word_1_202' title='bbox 1232 3638 1267 3698; x_wconf 92' lang='lat' dir='ltr'><strong>in</strong></span> <span class='ocrx_word' id='word_1_203' title='bbox 1294 3654 1397 3698; x_wconf 88' lang='lat' dir='ltr'><strong>unum</strong></span> <span class='ocrx_word' id='word_1_204' title='bbox 1422 3638 1656 3700; x_wconf 87' lang='lat' dir='ltr'><strong>confluxerunt</strong></span> <span class='ocrx_word' id='word_1_205' title='bbox 1678 3637 1819 3699; x_wconf 90' lang='lat' dir='ltr'><strong>lectiones</strong></span> 
     </span>
     <span class='ocr_line' id='line_1_27' title="bbox 603 3746 988 3823; baseline -0.003 -9"><span class='ocrx_word' id='word_1_206' title='bbox 603 3755 736 3814; x_wconf 85' lang='lat' dir='ltr'><strong>sincera</strong></span> <span class='ocrx_word' id='word_1_207' title='bbox 759 3756 793 3812; x_wconf 88' lang='lat' dir='ltr'><strong>et</strong></span> <span class='ocrx_word' id='word_1_208' title='bbox 817 3753 940 3814; x_wconf 90' lang='lat' dir='ltr'><strong>vitiosa</strong></span> <span class='ocrx_word' id='word_1_209' title='bbox 954 3746 988 3823; x_wconf 83' lang='lat'><strong>²).</strong></span> 
     </span>
     <span class='ocr_line' id='line_1_28' title="bbox 647 3857 1866 3945; baseline -0.005 -19"><span class='ocrx_word' id='word_1_210' title='bbox 647 3867 771 3927; x_wconf 83' lang='lat' dir='ltr'><strong>Eadem</strong></span> <span class='ocrx_word' id='word_1_211' title='bbox 806 3866 924 3926; x_wconf 88' lang='lat' dir='ltr'><strong>aoristi</strong></span> <span class='ocrx_word' id='word_1_212' title='bbox 958 3869 1167 3943; x_wconf 77' lang='grc' dir='ltr'><strong><em>-αλλαχθηναι</em></strong></span> <span class='ocrx_word' id='word_1_213' title='bbox 1201 3880 1259 3940; x_wconf 90' lang='lat' dir='ltr'><strong>pro</strong></span> <span class='ocrx_word' id='word_1_214' title='bbox 1289 3869 1480 3945; x_wconf 76' lang='grc' dir='ltr'><strong><em>-αλλαμηναι</em></strong></span> <span class='ocrx_word' id='word_1_215' title='bbox 1509 3867 1627 3941; x_wconf 89' lang='lat' dir='ltr'><strong>scripti</strong></span> <span class='ocrx_word' id='word_1_216' title='bbox 1658 3869 1709 3927; x_wconf 88' lang='lat' dir='ltr'><strong>est</strong></span> <span class='ocrx_word' id='word_1_217' title='bbox 1741 3863 1817 3926; x_wconf 87' lang='lat' dir='ltr'><strong>ratio.</strong></span> <span class='ocrx_word' id='word_1_218' title='bbox 1865 3857 1866 3861; x_wconf 73' lang='grc'>’</span> 
     </span>
     <span class='ocr_line' id='line_1_29' title="bbox 603 3961 1866 4057; baseline -0.006 -15"><span class='ocrx_word' id='word_1_219' title='bbox 603 3982 711 4056; x_wconf 80' lang='lat' dir='ltr'><strong>Aptus</strong></span> <span class='ocrx_word' id='word_1_220' title='bbox 742 3979 783 4038; x_wconf 89' lang='lat' dir='ltr'><strong>ad</strong></span> <span class='ocrx_word' id='word_1_221' title='bbox 811 3977 909 4039; x_wconf 90' lang='lat' dir='ltr'><strong>fldem</strong></span> <span class='ocrx_word' id='word_1_222' title='bbox 934 3979 1121 4040; x_wconf 81' lang='lat' dir='ltr'><strong>faciendam</strong></span> <span class='ocrx_word' id='word_1_223' title='bbox 1146 3981 1198 4040; x_wconf 86' lang='lat' dir='ltr'><strong>est</strong></span> <span class='ocrx_word' id='word_1_224' title='bbox 1222 3978 1315 4040; x_wconf 90' lang='lat' dir='ltr'><strong>locus</strong></span> <span class='ocrx_word' id='word_1_225' title='bbox 1341 3981 1418 4054; x_wconf 90' lang='lat' dir='ltr'><strong>Lys.</strong></span> <span class='ocrx_word' id='word_1_226' title='bbox 1444 3981 1510 4041; x_wconf 86' lang='lat'><strong>900</strong></span> <span class='ocrx_word' id='word_1_227' title='bbox 1533 3995 1616 4057; x_wconf 69' lang='lat' dir='ltr'><strong>sqq„</strong></span> <span class='ocrx_word' id='word_1_228' title='bbox 1642 3981 1697 4056; x_wconf 87' lang='lat' dir='ltr'><strong>qui</strong></span> <span class='ocrx_word' id='word_1_229' title='bbox 1721 3987 1818 4040; x_wconf 86' lang='lat' dir='ltr'><strong>versus</strong></span> <span class='ocrx_word' id='word_1_230' title='bbox 1865 3961 1866 4049; x_wconf 65' lang='grc'><strong><em>,</em></strong></span> 
     </span>
     <span class='ocr_line' id='line_1_30' title="bbox 602 4093 1866 4156; baseline -0.005 0"><span class='ocrx_word' id='word_1_231' title='bbox 602 4097 638 4156; x_wconf 92' lang='lat' dir='ltr'><strong>in</strong></span> <span class='ocrx_word' id='word_1_232' title='bbox 662 4095 690 4153; x_wconf 91' lang='lat' dir='ltr'><strong>R</strong></span> <span class='ocrx_word' id='word_1_233' title='bbox 713 4093 762 4153; x_wconf 90' lang='lat' dir='ltr'><strong>sic</strong></span> <span class='ocrx_word' id='word_1_234' title='bbox 786 4094 869 4152; x_wconf 87' lang='lat' dir='ltr'><strong>sunt</strong></span> <span class='ocrx_word' id='word_1_235' title='bbox 892 4093 1038 4153; x_wconf 86' lang='lat' dir='ltr'><strong>exarati:</strong></span> <span class='ocrx_word' id='word_1_236' title='bbox 1865 4101 1866 4110; x_wconf 58' lang='lat'>¹</span> 
     </span>
    </p>
   </div>
   <div class='ocr_carea' id='block_1_3' title="bbox 781 4199 1667 4286">
    <p class='ocr_par' dir='ltr' id='par_1_3' title="bbox 781 4151 1866 4286">
     <span class='ocr_line' id='line_1_31' title="bbox 781 4199 1667 4286; baseline 0.004 -23"><span class='ocrx_word' id='word_1_237' title='bbox 781 4203 825 4280; x_wconf 80' lang='grc' dir='ltr'><strong><em>μὰ</em></strong></span> <span class='ocrx_word' id='word_1_238' title='bbox 849 4199 903 4263; x_wconf 88' lang='grc' dir='ltr'><strong>Δί’</strong></span> <span class='ocrx_word' id='word_1_239' title='bbox 930 4203 987 4265; x_wconf 83' lang='grc' dir='ltr'><strong><em>οὐκ</em></strong></span> <span class='ocrx_word' id='word_1_240' title='bbox 1011 4200 1109 4284; x_wconf 70' lang='grc' dir='ltr'><strong><em>ἔγωγ’,</em></strong></span> <span class='ocrx_word' id='word_1_241' title='bbox 1131 4201 1171 4284; x_wconf 75' lang='grc' dir='ltr'><strong><em>ἣν</em></strong></span> <span class='ocrx_word' id='word_1_242' title='bbox 1194 4203 1235 4283; x_wconf 74' lang='grc' dir='ltr'><strong><em>μὴ</em></strong></span> <span class='ocrx_word' id='word_1_243' title='bbox 1260 4205 1531 4285; x_wconf 76' lang='grc' dir='ltr'><strong><em>διαλλαχθῆτέ</em></strong></span> <span class='ocrx_word' id='word_1_244' title='bbox 1553 4228 1586 4286; x_wconf 77' lang='grc' dir='ltr'><strong>γε</strong></span> <span class='ocrx_word' id='word_1_245' title='bbox 1609 4205 1667 4267; x_wconf 85' lang='grc' dir='ltr'><strong><em>κτὲ.</em></strong></span> 
     </span>
    </p>
   </div>
   <div class='ocr_carea' id='block_1_4' title="bbox 782 4314 1716 4512">
    <p class='ocr_par' dir='ltr' id='par_1_4' title="bbox 782 4314 1716 4512">
     <span class='ocr_line' id='line_1_32' title="bbox 782 4314 1716 4400; baseline 0.003 -23"><span class='ocrx_word' id='word_1_246' title='bbox 782 4317 819 4377; x_wconf 80' lang='grc' dir='ltr'><strong>σὺ</strong></span> <span class='ocrx_word' id='word_1_247' title='bbox 845 4318 876 4377; x_wconf 80' lang='grc' dir='ltr'><strong>δ’</strong></span> <span class='ocrx_word' id='word_1_248' title='bbox 902 4315 977 4376; x_wconf 84' lang='grc' dir='ltr'><strong><em>ἀλλὰ</em></strong></span> <span class='ocrx_word' id='word_1_249' title='bbox 1000 4319 1243 4396; x_wconf 81' lang='grc' dir='ltr'><strong><em>κατακλίθητι</em></strong></span> <span class='ocrx_word' id='word_1_250' title='bbox 1265 4314 1324 4397; x_wconf 85' lang='grc' dir='ltr'><strong><em>μετ’</em></strong></span> <span class='ocrx_word' id='word_1_251' title='bbox 1350 4318 1423 4397; x_wconf 79' lang='grc' dir='ltr'><strong><em>ἐμοῦ</em></strong></span> <span class='ocrx_word' id='word_1_252' title='bbox 1449 4321 1499 4380; x_wconf 80' lang='grc' dir='ltr'><strong><em>διὰ</em></strong></span> <span class='ocrx_word' id='word_1_253' title='bbox 1522 4321 1634 4400; x_wconf 79' lang='grc' dir='ltr'><strong><em>χρόνον</em></strong></span> <span class='ocrx_word' id='word_1_254' title='bbox 1659 4318 1716 4381; x_wconf 82' lang='grc' dir='ltr'><strong><em>κτὲ.</em></strong></span> 
     </span>
     <span class='ocr_line' id='line_1_33' title="bbox 783 4423 1333 4512; baseline 0.004 -22"><span class='ocrx_word' id='word_1_255' title='bbox 783 4435 897 4506; x_wconf 68' lang='grc' dir='ltr'><strong><em>φιλεῖς,</em></strong></span> <span class='ocrx_word' id='word_1_256' title='bbox 920 4431 949 4490; x_wconf 90' lang='grc' dir='ltr'><strong>τί</strong></span> <span class='ocrx_word' id='word_1_257' title='bbox 972 4423 1029 4492; x_wconf 79' lang='grc' dir='ltr'><strong><em>οὖν</em></strong></span> <span class='ocrx_word' id='word_1_258' title='bbox 1053 4431 1090 4493; x_wconf 77' lang='grc' dir='ltr'><strong>οὐ</strong></span> <span class='ocrx_word' id='word_1_259' title='bbox 1115 4434 1333 4512; x_wconf 84' lang='grc' dir='ltr'><strong><em>κατεκλίνης.</em></strong></span> 
     </span>
    </p>
   </div>
   <div class='ocr_carea' id='block_1_5' title="bbox 637 4635 1817 4704">
    <p class='ocr_par' dir='ltr' id='par_1_5' title="bbox 637 4635 1817 4704">
     <span class='ocr_line' id='line_1_34' title="bbox 637 4635 1817 4704; baseline -0.003 -18"><span class='ocrx_word' id='word_1_260' title='bbox 637 4637 656 4698; x_wconf 90' lang='lat'><strong>¹)</strong></span> <span class='ocrx_word' id='word_1_261' title='bbox 673 4641 704 4686; x_wconf 89' lang='lat' dir='ltr'><strong>In</strong></span> <span class='ocrx_word' id='word_1_262' title='bbox 727 4641 749 4687; x_wconf 86' lang='lat' dir='ltr'><strong>R</strong></span> <span class='ocrx_word' id='word_1_263' title='bbox 770 4644 886 4690; x_wconf 72' lang='lat' dir='ltr'><strong>norisius</strong></span> <span class='ocrx_word' id='word_1_264' title='bbox 910 4644 989 4690; x_wconf 82' lang='lat' dir='ltr'><strong>stiam</strong></span> <span class='ocrx_word' id='word_1_265' title='bbox 1012 4644 1074 4691; x_wconf 79' lang='lat' dir='ltr'><strong>Ach.</strong></span> <span class='ocrx_word' id='word_1_266' title='bbox 1098 4647 1145 4692; x_wconf 83' lang='grc'><strong>981</strong></span> <span class='ocrx_word' id='word_1_267' title='bbox 1165 4644 1232 4692; x_wconf 83' lang='lat' dir='ltr'><strong>Nub.</strong></span> <span class='ocrx_word' id='word_1_268' title='bbox 1251 4646 1300 4691; x_wconf 78' lang='lat'><strong>694</strong></span> <span class='ocrx_word' id='word_1_269' title='bbox 1315 4645 1394 4704; x_wconf 84' lang='lat' dir='ltr'><strong>Vesp.</strong></span> <span class='ocrx_word' id='word_1_270' title='bbox 1414 4646 1488 4702; x_wconf 87' lang='grc'><strong>1208,</strong></span> <span class='ocrx_word' id='word_1_271' title='bbox 1506 4646 1572 4692; x_wconf 86' lang='grc'><strong>1210</strong></span> <span class='ocrx_word' id='word_1_272' title='bbox 1589 4646 1674 4692; x_wconf 76' lang='lat' dir='ltr'><strong>erasit</strong></span> <span class='ocrx_word' id='word_1_273' title='bbox 1689 4635 1817 4690; x_wconf 78' lang='lat' dir='ltr'><strong>incolumis.</strong></span> 
     </span>
    </p>
   </div>
   <div class='ocr_carea' id='block_1_6' title="bbox 604 4721 1750 4861">
    <p class='ocr_par' dir='ltr' id='par_1_6' title="bbox 604 4721 1750 4861">
     <span class='ocr_line' id='line_1_35' title="bbox 604 4721 1750 4828; baseline 0.003 -63"><span class='ocrx_word' id='word_1_274' title='bbox 604 4724 746 4828; x_wconf 52' lang='lat' dir='ltr'><strong>corruptus</strong></span> <span class='ocrx_word' id='word_1_275' title='bbox 764 4725 805 4768; x_wconf 85' lang='lat' dir='ltr'><strong>est</strong></span> <span class='ocrx_word' id='word_1_276' title='bbox 824 4723 900 4781; x_wconf 87' lang='lat' dir='ltr'><strong>Vesp.</strong></span> <span class='ocrx_word' id='word_1_277' title='bbox 920 4724 983 4769; x_wconf 91' lang='grc'><strong>1211</strong></span> <span class='ocrx_word' id='word_1_278' title='bbox 1002 4724 1063 4783; x_wconf 82' lang='lat' dir='ltr'><strong>Lys.</strong></span> <span class='ocrx_word' id='word_1_279' title='bbox 1083 4727 1140 4771; x_wconf 78' lang='lat'><strong>904.</strong></span> <span class='ocrx_word' id='word_1_280' title='bbox 1158 4723 1197 4770; x_wconf 80' lang='lat' dir='ltr'><strong>cf.</strong></span> <span class='ocrx_word' id='word_1_281' title='bbox 1217 4724 1301 4771; x_wconf 84' lang='lat' dir='ltr'><strong>Oobet</strong></span> <span class='ocrx_word' id='word_1_282' title='bbox 1316 4721 1456 4784; x_wconf 84' lang='lat' dir='ltr'><strong>Hyperid.²</strong></span> <span class='ocrx_word' id='word_1_283' title='bbox 1473 4738 1497 4783; x_wconf 94' lang='lat' dir='ltr'><strong>p.</strong></span> <span class='ocrx_word' id='word_1_284' title='bbox 1517 4727 1548 4772; x_wconf 85' lang='lat'><strong>86</strong></span> <span class='ocrx_word' id='word_1_285' title='bbox 1567 4728 1594 4771; x_wconf 88' lang='lat' dir='ltr'><strong>st</strong></span> <span class='ocrx_word' id='word_1_286' title='bbox 1613 4725 1750 4772; x_wconf 86' lang='grc'><strong>110-112,</strong></span> 
     </span>
     <span class='ocr_line' id='line_1_36' title="bbox 649 4796 1399 4861; baseline 0.005 -15"><span class='ocrx_word' id='word_1_287' title='bbox 649 4799 660 4857; x_wconf 94' lang='grc'>)</span> <span class='ocrx_word' id='word_1_288' title='bbox 680 4800 719 4847; x_wconf 87' lang='lat' dir='ltr'><strong>Of.</strong></span> <span class='ocrx_word' id='word_1_289' title='bbox 738 4801 788 4847; x_wconf 84' lang='lat' dir='ltr'><strong>sub</strong></span> <span class='ocrx_word' id='word_1_290' title='bbox 808 4801 860 4861; x_wconf 88' lang='lat'>11).</span> <span class='ocrx_word' id='word_1_291' title='bbox 1398 4796 1399 4799; x_wconf 50' lang='lat'>&#39;</span> 
     </span>
    </p>
   </div>
   <div class='ocr_carea' id='block_1_7' title="bbox 0 0 2038 5950">
    <p class='ocr_par' dir='ltr' id='par_1_7' title="bbox 0 0 2038 5950">
     <span class='ocr_line' id='line_1_37' title="bbox 0 0 2038 5950; baseline 0 0"><span class='ocrx_word' id='word_1_292' title='bbox 0 0 2038 5950; x_wconf 95' lang='lat' dir='ltr'><strong> </strong></span> 
     </span>
    </p>
   </div>
  </div>
 </body>
</html>
