4067 5950
693 762 736 807 ns
758 760 866 807 ruxrn
888 760 1045 807 reburro.
1418 746 1481 806 267

248 953 315 998 non
354 938 421 997 nisi
454 952 471 997 e
505 934 619 1010 paucis
654 935 688 995 et
717 932 848 1007 exiguis
877 932 1074 1006 fragmentis
1104 931 1200 994 hodie
1231 934 1484 1007 cognoscuntur.

247 1050 403 1111 Dicimus
426 1049 557 1111 fabulas
580 1062 722 1121 quarum
746 1047 827 1107 baec
850 1047 930 1106 sunt
952 1046 1108 1108 nomina:

388 1187 594 1249 Aeolosicon.
915 1183 1036 1245 Horae.

387 1300 572 1376 Agricolae.
912 1296 1056 1358 Insulae.

388 1414 622 1491 Amphiaraus.
912 1410 1082 1473 Lemniae.

386 1524 575 1603 Anagirus.
913 1523 1101 1587 Onerariae.

387 1641 571 1716 Babylonii.
912 1636 1126 1701 Phoenissae.

389 1752 551 1815 ciconiae.
913 1750 1038 1814 Possis.

388 1866 538 1930 Cocalus.
913 1865 1082 1940 Polyidus.

387 1979 562 2043 Daedalus.
915 1978 1076 2053 Proagon.

387 2094 613 2156 Daetalenses.
892 2093 1084 2154 Senectus.

388 2208 563 2271 Danaides.
914 2207 1081 2268 'tabernas
1101 2209 1301 2283 occupantes
1318 2207 1485 2269 mulieres.

386 2322 555 2398 Dionysus
570 2316 591 2393 ¹)
614 2322 806 2397 naufragus.
913 2320 1123 2394 ragenistae.

387 2436 548 2498 Dramata
565 2436 638 2497 sive
651 2434 847 2497 centaurus.
914 2434 1176 2497 Telmessenses.

387 2551 546 2611 Dramata
566 2550 638 2611 sive
661 2549 796 2611 Niobus.
913 2549 1275 2625 Thesmophoriazusae
1298 2548 1423 2608 alterae
1439 2541 1474 2616 ²).

389 2663 584 2738 Gerytades.
914 2663 1098 2738 'iripnales

390 2776 527 2838 Heroas.

295 2931 344 2991 De
368 2943 509 3004 quarum
533 2927 721 2990 fabularum
746 2930 954 3004 argumentis
976 2932 1010 2992 et
1033 2928 1216 2992 virtutibus
1238 2942 1304 2990 non
1326 2926 1393 2988 nisi
1410 2941 1486 3004 pau·

253 3046 394 3107 cissima
427 3047 487 3105 aut
520 3043 599 3104 sciri
628 3045 770 3118 possunt
801 3045 860 3104 aut
889 3044 1105 3119 probabiliter
1139 3043 1258 3120 conici,
1290 3056 1351 3103 nec
1380 3041 1487 3102 multo

252 3160 350 3235 plura
381 3159 421 3219 de
450 3157 660 3233 singularum
684 3160 844 3231 tempore.
870 3157 960 3233 Quae
982 3161 1138 3218 constant
1162 3158 1244 3218 haec
1266 3158 1363 3216 sunt:
1387 3156 1487 3217 comi·

253 3289 330 3334 cum
355 3273 492 3333 nomine
516 3270 699 3332 callistrati
723 3285 809 3331 auno
833 3271 897 3332 427
922 3271 957 3331 in
979 3285 1117 3331 scenam
1140 3271 1351 3332 commisisse
1374 3269 1485 3330 Docto·

253 3389 350 3448 ienses
366 3381 387 3458 ³)
410 3390 445 3449 et
467 3401 583 3446 mense
607 3385 723 3445 Martio
748 3385 828 3444 anni
852 3385 917 3445 426
950 3377 1196 3461 acupenseri),
1221 3387 1355 3447 nomine
1378 3385 1485 3446 Philo-

254 3502 342 3561 nidis
360 3515 477 3561 mense
496 3499 674 3560 Februario
694 3497 774 3559 anni
793 3499 858 3558 422
879 3498 1078 3574 Proapoaem
1091 3493 1114 3570 ⁵)
1134 3503 1167 3560 et
1180 3514 1296 3560 mense
1308 3499 1485 3561 Februario

254 3615 333 3675 anni
364 3615 429 3674 414
460 3613 700 3688 Amphiaraum
718 3605 751 3689 ο),
785 3627 870 3673 anno
901 3613 965 3674 387
1003 3607 1114 3674 Cocalo
1146 3615 1306 3674 victorem
1334 3613 1485 3674 evasisse

255 3728 431 3788 Ararotem
461 3725 697 3801 Aristophanis
726 3725 833 3787 illium
857 3720 890 3802 ἲ),
921 3729 1040 3801 postea
1070 3728 1182 3788 datam
1215 3741 1291 3788 esse
1318 3725 1484 3786 Aeoloeteo·

254 3834 375 3912 Μ’).
400 3840 447 3901 De
472 3841 594 3901 ceteris
613 3840 747 3903 incerta
770 3843 850 3901 sunt
874 3841 987 3901 omnia
1008 3833 1043 3910 ⁹).

289 4051 310 4111 ¹)
328 4055 471 4112 δισναυαγός
481 4052 521 4099 vel
532 4053 672 4110 διοναναγός
681 4052 756 4102 codd.
766 4050 831 4098 Poll.
841 4052 863 4098 X
873 4053 914 4107 88,
924 4065 992 4112 quae
1000 4065 1050 4111 pro
1059 4032 1097 4100 dri
1106 4070 1207 4111 ναυαγος
1215 4053 1484 4112 viiiobefllintdoripts.

288 4130 311 4197 ¹)
327 4134 383 4181 Nou
406 4133 490 4179 altera
511 4131 578 4178 haec
600 4131 651 4178 init
667 4132 787 4178 recensio
804 4130 851 4177 sed
869 4132 958 4178 isbuls
973 4144 1049 4192 nora,
1067 4144 1144 4191 quam
1166 4133 1394 4195 Θισμοφοριάσσσαι
1411 4131 1485 4178 inere

259 4212 304 4273 qui
320 4215 445 4260 vocarent
463 4213 554 4271 potius
572 4211 619 4271 (oi.
636 4211 740 4270 Proleg.
758 4210 791 4256 ad
809 4210 934 4270 Thesm.).

289 4289 308 4351 ⁸)
326 4293 365 4340 (li.
381 4292 449 4340 Nnb.
467 4293 516 4339 529
537 4289 627 4351 ibique
646 4291 737 4348 schol,
754 4303 877 4348 anonym.
896 4289 930 4337 de
948 4290 1089 4338 Oomoedia
1107 4289 1120 4352 5
1140 4291 1180 4349 12,
1199 4289 1429 4351 suprapsg.189.

290 4368 312 4433 ⁴)
330 4372 370 4419 Gi.
387 4371 501 4418 thsrn.
519 4371 579 4428 tlt,
596 4372 654 4418 50³.

290 4447 311 4510 ι)
330 4451 368 4498 Oi.
387 4451 498 4509 Argum.
515 4450 669 4510 vesparum.

291 4526 313 4590 0)
332 4530 496 4589 litargum.
515 4528 618 4577 Arium.

290 4605 312 4668 ⁷)
330 4609 368 4656 (ii.
385 4622 454 4667 quae
471 4609 498 4655 in
516 4604 695 4667 inscriptionis
712 4609 873 4667 agonisticae
890 4608 993 4655 miseris
1008 4606 1130 4656 frustulis
1145 4607 1194 4655 sub
1207 4608 1257 4655 hoo
1272 4609 1486 4667 annoleguuturg

262 4683 374 4752 [ὰ]ραρὼ,·
391 4687 548 4748 ιδῌδασήυ,
567 4685 688 4735 wilhelm
707 4688 827 4736 Sitaber.
846 4689 870 4735 d.
889 4686 919 4735 K.
937 4690 966 4736 Δ.
985 4688 1010 4735 d.
1029 4690 1066 4737 W.
1084 4687 1111 4736 in
1129 4689 1202 4737 wien
1222 4688 1237 4733 4
1255 4686 1310 4734 Juli
1329 4688 1402 4735 1906.

296 4764 318 4829 ⁸)
334 4765 371 4815 Gi.
390 4769 497 4827 Argum.
515 4764 594 4814 Pluti.

289 4843 310 4910 ⁹)
329 4845 457 4895 Onerariae
475 4850 536 4894 ants
553 4847 649 4894 Pacem
668 4846 757 4894 datam
772 4860 787 4894 s
801 4844 878 4894 Psois
892 4852 1049 4908 argumento
1061 4849 1089 4896 11
1102 4850 1228 4905 elicitum
1245 4846 1360 4898 libenter
1373 4847 1484 4896 Lenaeis
