4067 5950
735 777 814 822 vrrs
837 776 876 820 sr
901 775 1069 820 1111111111.
1472 763 1513 821 31

282 951 368 1011 11111
392 965 554 1024 superque
580 952 680 1010 notas
706 950 805 1010 habet
827 948 1033 1024 Dicaeopolis
1055 949 1206 1010 Persicas
1228 949 1305 1010 illas
1328 964 1420 1026 opes,
1444 965 1514 1026 pro·

285 1066 411 1124 missas
440 1079 571 1138 semper
601 1064 641 1123 ab
672 1064 859 1126 oratoribus
893 1064 1129 1138 magniloquis,
1154 1065 1307 1137 acceptas
1331 1077 1515 1139 nunquam,

285 1182 320 1238 et
344 1178 451 1238 socios
474 1177 549 1237 illos
573 1175 732 1252 ThraceS,
766 1179 923 1237 venturos
947 1191 1089 1252 semper,
1114 1178 1172 1237 sed
1195 1192 1381 1256 numquam
1404 1178 1515 1252 adspe-

284 1296 369 1352 ctos
393 1291 462 1350 Nisi
486 1290 567 1365 ipsis
590 1290 725 1364 legatis,
750 1290 875 1350 nemini
899 1289 1089 1364 profuturae
1113 1293 1192 1351 sunt
1214 1290 1294 1351 illae
1317 1291 1515 1365 legationes,

284 1405 417 1466 tabulae
459 1404 547 1464 enim
589 1417 677 1464 nunc
718 1417 847 1476 quoquc
889 1405 1069 1464 narrantur
1103 1404 1230 1464 civibus
1265 1404 1353 1465 male
1387 1419 1517 1480 semper

286 1517 442 1578 credulis.

332 1632 468 1706 Iamque
499 1645 599 1704 supra
629 1644 741 1689 rerum
771 1629 1037 1703 quotidianarum
1068 1629 1222 1705 paludem
1246 1632 1343 1705 poeta
1365 1631 1518 1692 evehitur

284 1746 390 1805 insita
413 1746 446 1805 vi
469 1744 608 1819 ingenii,
634 1745 667 1803 et
691 1758 774 1816 quae
798 1744 831 1802 in
856 1744 918 1804 hac
938 1743 1008 1804 vita
1031 1741 1103 1804 fleri
1124 1748 1306 1821 nequeunt,
1327 1743 1411 1804 fiunt
1426 1745 1516 1804 intra

285 1857 399 1918 orbem
434 1858 531 1917 illum
567 1856 750 1930 magicum,
788 1856 843 1916 ubi
877 1856 1007 1917 habitat
1042 1873 1141 1918 musa
1176 1858 1465 1934 comica,procul
1497 1873 1517 1918 a

286 1971 487 2031 clamoribus
519 1971 690 2043 turbisque
721 1969 887 2045 civilibus,
914 1970 1015 2030 nullis
1038 1971 1201 2047 temporis
1223 1971 1366 2048 spatiivs
1389 1971 1519 2046 legibus

285 2085 466 2159 impedita.
482 2130 511 2145 ..

334 2198 480 2258 Nauseat
492 2197 695 2272 Dicaeopolis
714 2197 881 2257 fallacium
898 2197 1159 2258 homuncionum
1172 2198 1318 2259 verbula.
1338 2199 1517 2274 Semperne

287 2313 388 2386 igitur
422 2311 586 2386 patienter
616 2310 752 2370 terenda
781 2313 879 2369 erunt
908 2309 1015 2370 talia?
1045 2310 1118 2370 Non
1145 2311 1228 2371 ieret
1250 2312 1319 2387 ille,
1344 2312 1402 2372 sed
1424 2312 1517 2371 solus

287 2426 443 2498 quoniam
468 2425 608 2484 Athenis
631 2422 734 2484 etiam
758 2423 858 2498 sapit,
883 2423 976 2482 solus
1000 2424 1089 2484 malo
1112 2439 1149 2484 se
1169 2424 1301 2499 eripiet,
1321 2425 1413 2484 solus
1431 2424 1517 2484 salu·

241 2535 246 2544 '
287 2543 358 2599 tem
389 2539 662 2614 recuperabit...
687 2553 753 2598 non
782 2537 946 2612 bellando,
980 2539 1038 2597 sed
1068 2554 1184 2614 pacem
1212 2539 1416 2599 conciliando
1440 2555 1514 2599 cum

288 2653 442 2713 hostibus
477 2652 556 2728 illis,
593 2652 647 2726 qui
680 2653 794 2712 hostes
823 2651 895 2712 fleri
926 2666 1110 2725 numquam
1142 2652 1334 2712 debuerant.
1370 2652 1435 2712 Res
1465 2654 1517 2713 est

287 2765 541 2840 simplicissima
565 2767 598 2824 et
621 2764 796 2825 facillima:
822 2765 884 2824 sibi
907 2764 1042 2838 suisque
1061 2768 1236 2840 postquam
1261 2781 1375 2840 pacem
1400 2765 1516 2825 tricen-

287 2879 400 2938 nalem
432 2877 510 2938 fecit
540 2893 615 2938 cum
647 2877 895 2952 Peloponnesiis
921 2878 1107 2952 horumque
1133 2879 1246 2954 sociis,
1272 2913 1311 2922 -
1337 2878 1454 2954 quippe
1477 2864 1521 2938 ad

286 2993 467 3053 ineundam
503 3006 674 3065 nunquam
710 3006 774 3051 non
805 2992 1043 3065 paratissimis!
1065 2981 1112 3034 ’-
1143 2992 1177 3051 in
1211 2993 1381 3067 praedium
1417 3007 1516 3052 suum

286 3105 376 3165 redit
399 3104 636 3165 comitantibus
661 3118 765 3164 uxore
788 3103 856 3163 illia
879 3108 991 3163 cettra
1013 3104 1149 3164 familia.
1174 3104 1263 3179 Quae
1285 3107 1418 3165 vastata
1439 3107 1518 3164 sunt

287 3218 369 3293 illic,
395 3220 566 3279 erecturus
590 3220 642 3278 est
661 3232 750 3277 nova
772 3233 831 3292 spe
855 3219 983 3278 erectus
1007 3218 1093 3294 ipse,
1119 3220 1153 3277 et
1175 3234 1280 3278 novas
1303 3219 1437 3279 arbores
1460 3233 1518 3292 pro

289 3333 413 3393 excisis
447 3335 605 3391 saturus·
627 3332 707 3392 Post
740 3332 844 3391 otium
879 3330 983 3391 nimis
1024 3332 1160 3406 longum
1196 3331 1374 3393 laborando
1409 3333 1516 3393 denuo

288 3445 424 3506 brachia
448 3459 601 3506 exercere
624 3446 747 3519 gestit.
762 3489 769 3504 .
784 3488 791 3503 .

336 3560 380 3619 At
405 3560 578 3633 ,Apageu
601 3558 745 3632 undique
769 3558 799 3616 ei
822 3557 1039 3617 occlamitant
1062 3560 1195 3635 pagani,
1221 3562 1257 3619 ut
1279 3559 1423 3632 primum
1444 3573 1515 3618 sen·

288 3676 407 3733 serunt
430 3672 506 3745 quid
530 3674 625 3745 agat:
654 3686 777 3747 ,apage
802 3672 971 3731 homiuem
996 3673 1291 3746 scelestissimum,
1323 3674 1377 3745 qui
1401 3687 1514 3747 pacem

287 3786 364 3845 iniit
388 3801 464 3845 cum
488 3783 640 3844 hostibus
663 3783 889 3859 incendiariis
916 3785 1060 3859 sicariis,
1085 3786 1264 3859 periuris!'’

337 3899 424 3975 ,Vos
446 3899 549 3974 igitur
573 3896 644 3959 fleri
667 3898 744 3972 quid
770 3898 916 3959 iubetis?
945 3900 1124 3975 Semperne
1147 3902 1211 3961 erit
1233 3900 1516 3975 deproeliandum,

291 4013 417 4088 ,donec
449 4012 532 4072 nihil
567 4016 702 4086 superet
736 4011 831 4071 nobis
861 4013 948 4085 quod
979 4012 1067 4073 ferro
1097 4016 1269 4074 tutamur?
1303 4014 1370 4074 1111
1400 4015 1514 4073 autem

291 4126 456 4202 „milesne
486 4140 616 4199 sempor
647 4129 680 4185 et
714 4126 891 4185 benevolos
921 4140 983 4186 nos
1007 4128 1241 4201 praestitimus
1264 4142 1343 4201 erga
1368 4127 1516 4187 ricinos?

286 4238 443 4315 ,Nihilne
464 4238 688 4312 deliquimus?
708 4237 789 4298 (lum
811 4238 951 4315 rixatur,
974 4240 1130 4312 utrinque
1153 4243 1326 4315 peccatum
1350 4253 1424 4300 esse
1446 4241 1516 4299 tute

291 4352 505 4428 ,crediderisl
532 4351 658 4412 Oblivio
681 4352 884 4425 sepeliamus
907 4353 1042 4412 tandem
1066 4356 1200 4413 vetusta
1222 4353 1279 4413 illa
1302 4353 1481 4413 crimina!”

335 4465 447 4525 Vincit
480 4479 576 4524 meus
611 4480 707 4539 sana,
744 4465 849 4538 adque
879 4463 1155 4541 Dicaeopolidem,
1187 4467 1243 4540 qui
1273 4465 1417 4540 agricola
1448 4466 1515 4524 iam

289 4580 400 4639 iactus
429 4582 480 4639 est
512 4580 633 4655 denuo,
667 4580 752 4640 redit
780 4580 838 4639 illa
868 4595 969 4652 quam
996 4596 1054 4640 rus
1078 4580 1213 4656 praebet
1236 4580 1457 4654 abundantia;
1481 4581 1514 4640 iu

290 4692 431 4767 pristina
461 4693 549 4752 vitae
579 4692 742 4752 facilitate
773 4692 860 4752 ludis
884 4697 917 4753 et
940 4694 1023 4753 iocis
1046 4696 1080 4753 et
1103 4693 1201 4754 laetis
1225 4694 1389 4753 conviviis
1412 4694 1517 4753 denuo

290 4805 421 4866 fruitur.
453 4806 541 4866 Alibi
571 4806 649 4865 dum
681 4805 801 4865 misere
832 4807 988 4881 esuritur,
1015 4806 1065 4866 illi
1087 4809 1219 4882 praesto
1244 4839 1284 4849 -
1307 4810 1346 4866 ut
1368 4806 1448 4866 olim
1474 4842 1512 4851 -
