4067 5950
693 768 736 811 ns
759 767 868 813 rrxro
891 767 1044 813 renarro.
1417 754 1481 814 263

292 939 452 1001 Ceterum
488 940 675 1001 cuiusmodi
706 940 805 1000 luerit
836 940 922 1001 ratio
953 955 1017 1014 qua
1044 943 1125 1001 tunc
1148 942 1310 1016 temporis
1334 941 1487 1002 dramata

249 1057 282 1113 in
322 1055 451 1115 chartis
493 1054 727 1129 exarabantur,
770 1055 858 1114 haud
900 1054 948 1113 ita
979 1054 1153 1115 difficulter
1187 1054 1283 1115 nobis
1316 1054 1486 1131 fingimus.

247 1167 480 1227 Diverbiorum
515 1170 766 1240 ceterarumque
801 1168 944 1243 partium
979 1166 1055 1225 κατὰ
1088 1168 1188 1245 στίχον
1223 1170 1482 1245 compositarum

245 1282 374 1355 singuli
405 1297 522 1342 versus
545 1297 565 1341 a
587 1296 675 1341 nova
701 1281 788 1341 linea
815 1280 1031 1357 incipiebant,
1055 1283 1193 1357 perinde
1216 1286 1315 1357 atque
1339 1284 1487 1344 carmina

247 1396 361 1470 epica;
393 1396 517 1470 lyricae
547 1412 624 1458 vero
653 1400 766 1471 partes
790 1396 878 1457 haud
902 1396 999 1457 aliter
1021 1396 1310 1471 perscribebantur
1333 1412 1431 1471 quam
1457 1398 1486 1457 si

248 1524 351 1583 prosa
382 1510 530 1571 oratioue
562 1514 675 1572 essent
699 1512 888 1585 conceptae.
919 1510 972 1569 Sic
994 1510 1162 1572 Timothei
1186 1526 1319 1572 carmen
1342 1511 1482 1585 lyricum

246 1624 280 1683 in
313 1639 440 1697 papyro
471 1610 526 1683 Ivi
550 1624 602 1684 vel
632 1615 690 1683 111¹
713 1624 789 1684 ante
820 1622 991 1684 Christum
1023 1623 1147 1684 saeculi
1174 1627 1269 1685 extat
1292 1626 1482 1700 exaratum,

246 1736 330 1795 item
355 1736 464 1797 Paean
489 1752 589 1809 quern
612 1736 735 1811 Isyllus
754 1738 789 1797 in
808 1737 997 1812 Aesculapii
1017 1738 1177 1799 honorem
1195 1738 1332 1799 ineunte
1350 1738 1484 1827 saeculo

246 1850 293 1907 ΙΙ0
313 1849 585 1911 antechristum
605 1852 792 1927 composuit
812 1851 846 1912 in
865 1851 973 1927 lapide
995 1850 1171 1927 Epidaurio
1190 1847 1223 1929 ¹),
1243 1852 1484 1928 etAriphronis

247 1962 395 2037 Sicyonii
424 1965 460 2025 in
490 1964 656 2040 Hygleam
686 1966 833 2040 hymnus
863 1966 898 2025 in
927 1965 1036 2040 lapide
1059 1965 1170 2026 Attico
1187 1960 1221 2036 ²).
1245 1965 1287 2027 at
1310 1982 1328 2027 e
1350 1967 1484 2027 scenica

247 2077 342 2150 poesi
377 2081 415 2138 ut
447 2078 590 2139 addatur
624 2079 833 2155 exemplum,
873 2079 907 2139 in
942 2078 1131 2154 fragmento
1165 2079 1281 2154 papyri
1315 2066 1373 2139 Ilii
1407 2082 1485 2139 ante

247 2188 420 2251 Christum
462 2194 581 2251 natum
622 2192 749 2253 saeculi
783 2193 831 2252 sic
865 2192 981 2268 scripti
1014 2194 1095 2253 sunt
1129 2193 1299 2269 anapaesti
1335 2192 1483 2268 dimetri,

246 2303 368 2377 quibus
392 2305 545 2366 dramata
568 2305 728 2366 nonnulla
750 2305 914 2382 Euripidis
937 2306 1152 2367 clauduntur:

289 2420 401 2477 norro
420 2440 537 2496 μορφαι
556 2441 616 2478 των
637 2412 641 2499 Ι
663 2418 830 2496 δαιμονιων
849 2423 944 2479 πολλα
964 2411 969 2501 Ι
990 2441 1005 2478 r
1025 2423 1157 2491 αελπτως
1176 2440 1302 2494 κραινου
1323 2416 1328 2498 Ι
1350 2435 1379 2477 σι
1398 2423 1482 2479 drot:

246 2552 296 2588 και
319 2552 357 2589 τα
381 2530 456 2608 doxa
477 2526 482 2611 Ι
503 2548 577 2591 dovr
600 2532 669 2603 (sic)
693 2554 750 2593 ova
769 2535 908 2610 ετελεσθη
929 2526 933 2612 Ι
955 2555 1014 2592 των
1035 2533 1052 2592 d
1072 2532 1228 2611 αὸοκητων
1249 2528 1253 2612 Ι
1274 2553 1370 2610 mopov
1394 2554 1480 2607 ευρεν

246 2647 318 2714 deor
339 2642 344 2722 Ι
365 2644 470 2705 τοιονδ
493 2646 592 2724 aretin
616 2668 648 2706 το
669 2643 675 2723 Ι
695 2645 728 2706 δε
746 2668 869 2725 upuppae
890 2640 924 2717 8).
1524 2723 1535 2735 .

289 2760 404 2834 Neque
438 2750 517 2821 hinc¹
551 2760 650 2822 alieni
685 2765 764 2822 sunt
797 2764 998 2839 pentametri
1033 2763 1193 2824 trochaici
1224 2779 1243 2823 a
1277 2761 1479 2823 Callimacho

247 2875 425 2950 compositi
437 2867 472 2950 ⁴),
497 2890 636 2949 quorum
658 2877 788 2952 primus
810 2876 864 2938 hic
887 2880 954 2938 est:

357 2988 473 3068 ἔρχεται
496 2990 591 3062 πολὺς
614 2986 669 3068 μὲν
695 2990 826 3071 Αἰγαῖον
854 2991 1017 3070 διατμήξας
1041 2987 1088 3051 ἀπ’
1116 2991 1241 3071 οἰνηρῆς
1265 2991 1353 3052 Χίου.

247 3104 329 3164 Nam
362 3104 439 3164 inde
470 3106 608 3180 apparet
637 3103 878 3166 Callimachum
906 3122 964 3181 pro
988 3121 1054 3167 uno
1079 3122 1177 3167 versu
1201 3107 1357 3167 habuisse
1380 3106 1481 3166 dime-

247 3220 336 3277 trum
374 3232 450 3277 oum
493 3222 701 3279 monometro
737 3218 907 3293 alteroque
941 3220 1085 3281 dimetro
1121 3219 1326 3293 catalectico,
1362 3219 1480 3293 quibus

246 3332 395 3392 numeris
429 3332 516 3408 apud
552 3333 715 3393 comicum
751 3332 950 3394 clauduntur
990 3333 1171 3395 nonnullae
1210 3334 1377 3394 orationes
1412 3333 1478 3393 lon·

250 3447 372 3522 giores,
397 3462 426 3507 e.
448 3462 497 3521 g.:

360 3556 529 3638 ἑστιᾶσθαι,
551 3559 747 3638 succuditur,
766 3557 772 3638 Ι
793 3559 980 3639 πυδαρίζειν,
999 3558 1005 3639 Ι
1027 3559 1086 3638 ἰοῦ,
1109 3559 1158 3620 ἰοῦ
1181 3557 1367 3639 κεκραγέναι.

290 3841 372 3901 Inde
403 3840 444 3900 ab
474 3840 623 3915 ipsorum
655 3841 828 3915 poetarum
859 3840 1068 3902 scenicorum
1097 3842 1258 3916 tempore,
1288 3841 1326 3900 ut
1347 3841 1477 3915 postea,

248 3954 453 4030 paragrapho
476 3957 558 4025 (—)
581 3953 746 4015 indicatae
766 3969 840 4015 esse
859 3955 1013 4015 videntur
1032 3969 1249 4029 personarum
1269 3954 1373 4031 vinee,
1394 3968 1477 4027 quae

251 4081 406 4127 versuum
429 4066 514 4127 fiunt
537 4068 646 4144 initio,
672 4067 793 4142 duplici
817 4071 932 4129 autem
955 4071 1078 4144 puncto
1099 4072 1139 4144 (ς,
1163 4073 1227 4140 ταῖς
1250 4067 1306 4129 δύο
1331 4071 1477 4147 στιγμαῖς)

251 4195 332 4252 quae
355 4180 390 4240 in
412 4181 533 4242 mediis
556 4181 727 4257 versibue;
752 4185 840 4243 certe
864 4182 931 4242 iam
957 4182 1044 4243 circa
1067 4197 1191 4241 annum
1213 4183 1278 4241 300
1301 4183 1379 4242 ante
1403 4180 1477 4242 (lhr.

280 4437 299 4505 ¹)
317 4439 545 4492 DialektInsehr:
561 4442 655 4491 Collita
681 4445 756 4491 0040.
781 4442 832 4491 Ubi
856 4441 902 4503 qni
927 4443 1087 4491 antecedunt
1110 4445 1137 4489 et
1159 4444 1306 4501 sequuntur
1330 4439 1478 4489 tetrametri

253 4519 376 4568 trochaici
395 4524 422 4570 et
438 4535 530 4571 versus
547 4523 656 4584 heroici,
673 4525 734 4570 κατὰ
750 4527 835 4583 στίχον
851 4520 934 4582 lapidi
951 4525 1014 4569 sunt
1031 4521 1114 4568 incisi.

283 4594 292 4626 ²
323 4600 407 4649 0.1.(t.
426 4603 485 4649 51.

282 4596 303 4739 Ἰ
317 4678 406 4727 Hibeh
433 4603 526 4741 palpyri
543 4681 557 4728 I
574 4677 663 4744 (1906)
681 4677 710 4728 n⁰
727 4683 767 4729 05.
789 4679 876 4729 Simili
897 4678 999 4729 ratione
1022 4678 1050 4726 in
1074 4680 1124 4726 alia
1148 4693 1256 4740 papyro,
1276 4693 1343 4738 qnae
1361 4679 1477 4726 eiusdem

254 4761 347 4806 aetatis
364 4762 405 4807 est
423 4756 464 4820 (ιιΙ
481 4755 534 4822 24),
551 4758 692 4821 perscripti
709 4765 772 4808 sunt
788 4762 847 4821 Iph.
865 4763 943 4808 Tanr.
963 4761 1106 4808 lle-191.

284 4835 305 4903 ⁴)
322 4838 428 4887 Anthol.
448 4839 512 4886 xm
531 4842 554 4888 9.
573 4840 612 4887 Oi.
632 4840 719 4888 Ohrist
735 4835 840 4888 Metrilr²
858 4854 884 4901 p.
902 4840 960 4898 005,
977 4840 1121 4900 Hephaest.
1140 4840 1172 4887 de
1190 4836 1303 4887 Garmin.
1322 4841 1345 4887 5.
