4067 5950
553 736 616 796 134
1078 749 1119 794 nn
1142 748 1268 795 181818

551 924 667 985 eodem
702 938 783 984 mox
815 922 954 985 crimine
986 923 1156 999 peteretur
1184 923 1394 996 mortemque
1424 922 1544 998 lueret,
1576 920 1786 982 Alcibiadem

549 1039 583 1098 in
608 1038 733 1098 civium
756 1038 872 1099 odium
894 1037 1119 1111 ultimumque
1141 1035 1355 1112 opprobrium
1378 1033 1520 1097 adduxit
1545 1035 1786 1110 mysteriorum

550 1152 638 1212 inter
662 1151 787 1211 amicos
810 1165 869 1226 per
892 1150 1002 1211 iocum
1026 1149 1227 1211 violatorum
1252 1163 1367 1209 rumor
1387 1149 1548 1230 incertus,
1563 1150 1650 1209 -et
1668 1151 1788 1209 tamen

550 1263 717 1338 Dionysus
747 1263 835 1324 ludis
865 1261 1008 1339 publicis
1036 1261 1069 1322 in
1101 1261 1208 1338 ipsius
1238 1260 1397 1323 honorem
1429 1260 1681 1336 religiosissime
1706 1261 1789 1322 cele-

551 1377 656 1437 bratis
687 1376 728 1438 ab
759 1375 917 1452 Eupolide
940 1375 1091 1437 exhiberi
1114 1375 1222 1452 potuit
1244 1373 1403 1452 imbellis,
1429 1375 1585 1452 stolidus,
1610 1376 1717 1436 armis
1741 1375 1790 1434 uti

551 1491 613 1551 sub
648 1504 766 1551 severo
800 1489 990 1552 centurione
1025 1489 1171 1566 discens,
1208 1487 1249 1550 ab
1284 1488 1510 1563 Aristophane
1545 1488 1721 1564 improbus
1756 1491 1789 1547 81

552 1604 718 1665 mendax·
741 1605 775 1663 et
815 1602 984 1678 quodlibet
1023 1603 1218 1677 perpetrans
1260 1616 1325 1677 quo
1367 1601 1481 1677 flagris
1523 1617 1560 1662 se
1600 1603 1790 1677 praestaret

553 1717 800 1792 dignissimum.

598 1830 623 1892 0
660 1829 792 1890 varium
828 1828 1086 1890 Atheniensium
1121 1827 1291 1904 ingenium
1327 1829 1361 1889 et
1391 1828 1426 1888 18
1457 1827 1624 1889 8881111118
1652 1841 1791 1902 semper

554 1943 731 2005 aestuans!

596 2169 686 2230 Nihil
710 2170 839 2230 eratin
862 2171 934 2230 arte
956 2168 1122 2244 Euripidis
1144 2169 1232 2243 quod
1256 2168 1471 2244 Aristophani
1498 2167 1595 2228 laude
1618 2167 1791 2228 videretur

553 2285 705 2360 dignum,
738 2281 820 2344 nihii
853 2285 942 2344 certe
973 2283 1061 2356 quod
1092 2283 1202 2343 sciens
1232 2281 1416 2356 lubensque
1446 2281 1608 2344 laudaret.
1641 2281 1696 2340 Sic
1717 2277 1790 2341 fleri

555 2398 664 2474 potuit
697 2399 736 2457 ut
769 2397 917 2458 comicus
951 2396 1139 2472 Euripidem
1175 2411 1250 2456 cum
1284 2394 1425 2470 fingeret
1459 2396 1529 2456 suis
1563 2394 1670 2470 ipsius
1709 2392 1790 2452 telis

557 2511 763 2587 confossum,
795 2510 897 2570 etiam
925 2510 1088 2570 eiusmodi
1119 2524 1238 2571 versus
1265 2511 1441 2584 usurparet
1464 2524 1507 2569 ex
1530 2508 1602 2569 8188
1626 2505 1790 2567 dramatis

556 2626 743 2699 desumtos,
779 2623 849 2700 qui,
885 2623 950 2682 8181
981 2624 1154 2685 accederet
1183 2624 1334 2684 studium
1364 2621 1533 2697 quaelibet
1562 2618 1790 2697 vituperandi,

556 2754 623 2800 non
645 2738 814 2814 potuerint
836 2736 1026 2813 improbari.
1052 2738 1104 2798 Sic
1128 2736 1229 2798 verba

782 2830 916 2926 „iurata
938 2850 1068 2925 lingua:
1092 2851 1219 2912 mansit
1240 2851 1385 2912 iniurato
1408 2850 1544 2911 mensi·

557 2980 632 3026 cum
669 2980 687 3025 e
719 2966 879 3025 contextu
914 2965 1032 3027 evulsa
1066 2965 1114 3026 sic
1148 2965 1239 3027 nuda
1267 2964 1488 3042 proferuntur,
1524 2963 1790 3025 iuramentorum

556 3078 773 3140 sanctitatem
798 3081 832 3138 et
854 3077 952 3141 iidem
976 3079 1128 3140 tollentis
1150 3079 1256 3141 videri
1278 3080 1429 3155 possunt.
1458 3079 1504 3139 At
1527 3077 1601 3151 quis
1623 3092 1662 3137 88
1686 3076 1790 3136 dicit?

556 3173 724 3267 Non'ipse
746 3192 895 3267 proiecto
917 3195 1016 3269 poeta
1040 3209 1082 3254 ex
1113 3194 1218 3254 animi
1240 3193 1292 3253 sui
1319 3192 1488 3253 sententia
1511 3192 1561 3252 118
1582 3191 1715 3252 locutus
1741 3192 1792 3251 881

556 3322 612 3368 818
631 3304 774 3365 81188188
793 3305 921 3382 herois,
942 3308 1001 3367 sed
1018 3306 1220 3383 Hippolytus
1241 3310 1312 3367 tum
1334 3321 1409 3366 cum
1430 3306 1656 3380 indignatione
1675 3305 1790 3366 furens

557 3421 635 3496 quid
658 3420 782 3481 diceret
799 3421 855 3480 vix
880 3422 981 3482 etiam
1005 3422 1108 3482 sciret
1133 3420 1374 3497 „imprudens”
1390 3454 1430 3464 -
1450 3420 1498 3481 ait
1519 3453 1559 3463 -
1586 3420 1789 3496 „taciturum

561 3551 634 3609 ,818
656 3536 809 3613 promisi,
840 3551 906 3597 non
936 3536 1107 3597 iuraturus
1138 3536 1167 3595 81
1199 3536 1354 3609 reiquae
1385 3534 1545 3610 agebatur
1567 3534 1622 3595 vel
1649 3534 1791 3595 minima

561 3649 746 3725 „potuisset
778 3664 852 3712 esse
881 3649 1066 3725 suspicioi''
1090 3650 1135 3709 At
1157 3652 1335 3724 postquam
1362 3649 1404 3710 ad
1430 3664 1467 3709 se
1489 3647 1600 3724 rediit,
1625 3647 1790 3709 iusiuran-

559 3762 638 3822 dum
671 3763 884 3837 quantumvis
915 3763 1048 3824 incaute
1072 3764 1187 3823 datum
1212 3765 1427 3824 sanctissime
1451 3765 1576 3839 servat,
1600 3765 1793 3839 turpissimi

557 3874 675 3948 flagitii
708 3874 941 3935 insimulatum
976 3892 996 3936 8
1023 3877 1115 3951 patre
1147 3877 1303 3937 devoveri
1333 3879 1366 3936 et
1395 3877 1429 3936 in
1464 3875 1602 3938 exilium
1633 3877 1722 3937 trudi
1755 3894 1791 3938 88

558 3990 688 4066 patiens
707 3988 801 4063 prius
820 4002 919 4061 quam
940 3986 1039 4050 fldem
1058 3990 1188 4050 iuratus
1210 3990 1321 4050 violet.
1343 3988 1447 4064 Quam
1468 3990 1574 4050 animi
1592 3989 1790 4053 firmitatem

559 4105 650 4165 casto
682 4115 795 4163 amore
825 4101 855 4162 81
885 4102 1036 4175 rependit
1066 4102 1181 4163 Diana.
1213 4102 1328 4177 Itaque
1358 4101 1616 4164 fundamentum
1646 4106 1793 4166 dramati

413 4214 417 4219 ’
450 4250 453 4255 ·
557 4217 786 4277 substructum
818 4217 870 4275 881
899 4214 1067 4289 religionis
1098 4217 1347 4277 conservandae
1377 4214 1537 4294 officium,
1570 4220 1603 4279 81
1626 4219 1792 4294 Euripidis

559 4330 694 4391 delicias
725 4329 908 4390 Phaedram
941 4330 1020 4389 dum
1050 4331 1250 4391 miseramur
1281 4333 1315 4391 81
1344 4345 1448 4405 paene
1478 4330 1649 4407 diligimus
1676 4348 1790 4393 veram

558 4444 733 4519 feminam,
758 4445 796 4502 ut
819 4442 921 4503 etiam
945 4444 1114 4519 Hippolyti
1141 4444 1309 4505 calumnia
1332 4446 1480 4519 oppressi
1503 4445 1648 4519 aliquam
1673 4446 1791 4507 habea·

560 4572 635 4617 mus
666 4570 781 4616 curam
812 4557 1026 4629 quantumvis
1053 4558 1116 4618 sibi
1138 4557 1303 4633 placentis
1326 4560 1427 4631 utque
1450 4558 1597 4619 insontis
1619 4558 1792 4620 doleamus

559 4670 750 4745 interitum,
768 4669 841 4743 ipsa
859 4684 898 4731 88
916 4670 1015 4731 efficit
1035 4669 1110 4732 fidei
1127 4671 1311 4732 servandae
1329 4672 1527 4749 constantia,
1546 4687 1629 4746 quae
1647 4674 1792 4734 testatur

559 4797 625 4843 non
648 4782 826 4843 verbosum
849 4784 981 4844 tantum
1006 4799 1080 4846 8888
1106 4786 1166 4848 sed
1189 4786 1224 4846 et
1246 4799 1453 4861 generosum.
