4067 5950
683 809 726 855 οι
748 806 858 855 urxrn
880 806 1036 853 cunno.
1408 790 1471 851 281

243 978 325 1041 liam
357 983 393 1042 et
421 980 596 1042 insolitum
624 984 678 1044 eet
700 978 781 1042 ἐστιν
804 982 979 1058 participio
1003 980 1083 1053 εἰκός
1106 982 1272 1057 additum,
1298 982 1332 1041 et
1354 980 1474 1043 vitiose

243 1094 369 1153 dictum
398 1096 452 1155 est
481 1091 625 1173 γέροντας
655 1092 773 1175 ἄνδρας
796 1092 858 1173 ἤδη
889 1095 956 1155 nini
980 1094 1192 1171 participium
1218 1095 1354 1156 accedat
1376 1090 1474 1166 ὄντας.

243 1206 364 1268 Verum
388 1208 564 1271 coniuncta
587 1209 741 1272 llelnelrli
765 1208 999 1284 Blaydeeiique
1022 1224 1124 1284 opera
1147 1211 1200 1270 ent
1223 1208 1435 1270 restitutum:

421 1318 461 1394 ὡς
485 1320 564 1396 εἰκὸς
587 1320 740 1403 ἄνδρας
764 1320 905 1395 ἀσθενεῖς
928 1319 1073 1402 γέροντας
1100 1319 1276 1393 (ὄντας)
1302 1318 1372 1399 ἤδη.

241 1434 323 1495 Tres
345 1435 448 1510 igitur
471 1436 546 1496 vitii
567 1436 669 1497 huius
691 1437 821 1497 aetat-ee
844 1435 1081 1511 discernimue3
1106 1451 1184 1497 uam
1207 1436 1354 1511 primum
1376 1436 1475 1498 inter·

242 1548 321 1609 cidit
352 1544 456 1626 ὄντος,
485 1549 561 1611 dein
584 1549 687 1611 verba
709 1552 790 1610 eunt
813 1548 949 1611 turbata
970 1550 1006 1609 ln
1030 1548 1141 1611 codice
1164 1547 1263 1611 hodie
1287 1549 1471 1625 deperdito,
1528 1576 1531 1581 ·

241 1663 326 1723 unde
361 1664 396 1723 et
429 1660 457 1721 V
493 1665 545 1724 eet
578 1663 699 1725 ductus
729 1666 764 1725 et
793 1663 834 1739 R,
867 1663 1004 1724 taudem
1035 1663 1259 1743 παραδιορθῶν
1289 1662 1410 1737 aliquis
1438 1662 1473 1723 iu

241 1776 426 1850 exemplari
455 1776 542 1851 quod
571 1776 726 1838 librarius
754 1776 877 1838 codicia
899 1775 929 1837 V
954 1776 1128 1853 excripsit,
1155 1777 1215 1838 vel·
1230 1778 1265 1838 in
1288 1776 1473 1852 antiquiore

242 1891 346 1952 etiam
370 1891 495 1967 codice,
520 1891 622 1952 metri
646 1906 747 1953 cauea
768 1890 938 1967 supplevit
959 1888 1049 1951 ἐστιν.

284 2005 350 2068 Av.
374 2006 440 2066 520
463 2003 614 2066 codicum
637 2002 708 2065 VR
730 2007 919 2067 ceterorum
943 2007 994 2066 est
1017 2004 1119 2067 lectio
1143 2005 1283 2066 vitiosa:

421 2117 507 2196 ὤμνυ
527 2114 554 2179 δ’
577 2116 680 2192 οὐδεὶς
697 2114 753 2180 τότ’
775 2118 952 2198 ἀνθρώπων
971 2118 1060 2197 θεόν,
1079 2114 1139 2179 ἀλλ’
1160 2117 1290 2199 ὄρνιθας
1309 2118 1449 2192 ἅπαντες.

242 2231 306 2291 Ubi
328 2236 439 2294 metro
460 2233 595 2295 iubente
618 2233 744 2296 Persou
766 2234 933 2295 restituit:

420 2340 476 2408 τότ’
505 2343 610 2411 (ἂν)
638 2343 824 2427 ἀνθρώπων.

284 2459 364 2534 Lye.
388 2460 450 2522 lca
473 2460 576 2522 habet
597 2462 642 2521 R:

421 2570 475 2632 ἐὰν
499 2569 532 2633 di
554 2573 723 2647 τύπτωσινς
748 2608 789 2619 -
814 2570 954 2653 παρέχειν
977 2571 1033 2653 χρὴ
1056 2570 1204 2645 κακᾶκῶς.

283 2686 422 2748 Deletae
456 2689 634 2763 postmodo
664 2691 745 2751 sunt
774 2688 909 2750 litterae
939 2687 992 2767 κὰ,
1022 2692 1057 2750 et
1085 2689 1184 2750 editio
1208 2689 1359 2765 princeps
1382 2690 1473 2751 dedit

242 2795 381 2878 παρέχειν
403 2798 459 2881 χρὴ
483 2810 596 2879 κακῶς,
619 2807 728 2866 metro
752 2804 969 2866 claudicante.
993 2803 1116 2865 Verum
1139 2803 1275 2881 praebet
1296 2807 1337 2865 F:

421 2911 476 2975 ἐὰν
499 2912 532 2976 dl
555 2917 725 2991 victuum
748 2914 891 2998 παρέχειν
914 2915 970 2999 χρὴ
993 2915 1072 2978 κακὰ
1098 2926 1274 2991 <κα>κῶς.

285 3027 365 3103 Lye.
390 3030 456 3091 768
480 3031 514 3090 in
538 3032 566 3092 R
589 3035 657 3093 eet:

643 3144 686 3223 μὴ
710 3155 944 3225 credemur,

243 3270 359 3317 verum
383 3272 489 3332 neque
511 3261 652 3322 inventu
676 3263 728 3322 eet
750 3261 881 3324 difficile
904 3263 937 3323 et
959 3263 994 3323 in
1017 3264 1047 3320 Γ
1064 3262 1204 3337 legitur:

644 3371 687 3452 μὴ
710 3375 999 3453 οτασκᾶσ>ωμεν.

285 3483 421 3547 Theaua.
446 3487 512 3549 443
535 3489 640 3550 codex
663 3490 691 3550 R
714 3491 796 3552 haec
818 3489 933 3552 habet:

421 3595 531 3681 ὀλίγον
554 3599 676 3668 inico
698 3601 830 3681 κ>αὖτὴ
853 3607 1016 3682 παρῆλθον
1039 3602 1189 3682 ῥημάτων.

243 3709 343 3773 cuiue
371 3715 494 3776 erroris
523 3718 697 3780 manifesti
724 3719 910 3780 remedium
940 3718 1230 3793 simplicissimum
1255 3718 1332 3776 aute
1356 3716 1469 3777 Pcrso·

243 3840 325 3887 unm
357 3842 425 3888 non
460 3831 511 3890 est
545 3802 736 3908 inuentum,
768 3846 848 3893 nam
879 3832 958 3892 olim
989 3832 1024 3891 in
1047 3831 1113 3892 alta
1136 3831 1250 3891 omnia
1272 3829 1471 3892 aberrabant

243 3939 356 4000 critici.

286 4053 368 4115 Rau.
394 4055 460 4116 363
483 4057 517 4118 iu
541 4057 569 4118 R
592 4061 661 4121 cst:

420 4167 450 4242 ἒξ
474 4169 619 4250 Αἰγίνης,
644 4172 810 4252 Θωρυκίων
837 4170 961 4251 (ὤν),
984 4169 1192 4251 εἰκοστολόγος
1215 4168 1419 4248 κακοδαίμων.

246 4281 365 4345 Verum
389 4284 526 4359 praebet
547 4285 586 4346 V.

286 4395 370 4458 Eccl.
395 4399 461 4459 526
484 4398 681 4461 muliercula
703 4401 863 4461 maritum
887 4399 1079 4476 increpans:

420 4510 458 4573 οὗ
480 4510 520 4590 δὴ
541 4508 654 4574 τάλαιν’
676 4507 786 4593 ἔγωγε]

246 4624 305 4700 ait,
335 4625 365 4686 ei
394 4627 562 4689 credimus
591 4629 695 4690 codici
718 4629 746 4689 R
777 4629 970 4703 ceterisque.
994 4628 1039 4688 At
1061 4626 1244 4703 querentis,
1267 4640 1333 4688 non
1358 4628 1466 4688 convi-

247 4739 360 4800 ciantis
394 4743 448 4802 eet
481 4734 629 4802 τάλαινα]
661 4759 717 4804 cac
750 4744 884 4804 miccrac
912 4733 1012 4802 milri!
1041 4744 1076 4801 et
1105 4741 1274 4801 solcecum
1301 4743 1354 4801 est
1376 4739 1467 4820 ἔγωγε

248 4857 393 4918 vocativo
428 4856 596 4931 iunctum
628 4860 827 4934 quapropter
856 4856 943 4917 Plut.
977 4857 1064 4917 1044
1089 4870 1204 4917 rerum
1228 4869 1303 4915 esee
1324 4854 1358 4915 id
1380 4856 1465 4929 quod
