4067 5950
559 763 625 824 298
1000 783 1043 827 na
1065 782 1175 827 τετοῦ
1197 781 1351 828 rasorro.

558 951 659 1014 calce.
690 952 753 1014 Pro
777 951 877 1031 κημὸν
899 954 1031 1029 legatur
1054 962 1204 1030 κῶμον,
1226 954 1376 1016 deleatur
1399 955 1513 1015 autem
1536 961 1654 1032 ψῆφον,
1674 956 1776 1029 utpote

558 1066 711 1127 lectionis
734 1068 876 1129 vitiosae
899 1068 1238 1144 interpretamentum
1253 1064 1286 1139 ¹).

603 1181 670 1243 Nec
693 1196 758 1243 non
783 1183 971 1245 afferendus
990 1184 1046 1245 hic
1066 1184 1197 1245 videtur
1215 1183 1302 1245 Eccl.
1323 1184 1399 1245 627.
1420 1183 1566 1245 innovo
1586 1184 1664 1259 reip.
1682 1186 1775 1257 statu,
1846 1249 1849 1278 Ι

558 1294 749 1371 Praxagora
772 1297 834 1371 ait,
860 1312 937 1358 cum
961 1300 996 1359 et
1019 1300 1132 1359 cetera
1154 1298 1346 1359 communia
1369 1301 1466 1360 erunt
1486 1300 1519 1360 et
1536 1298 1704 1375 muliereS,
1724 1314 1778 1358 non
1845 1282 1850 1364 Ι

558 1408 666 1483 pulcri
707 1409 770 1470 viri
807 1410 871 1472 eoll
907 1444 947 1455 —
983 1412 1016 1473 id
1051 1412 1137 1486 quod
1173 1411 1351 1473 verebatur
1385 1411 1548 1488 Blepyrua
1584 1445 1624 1456 -
1659 1411 1779 1472 feminis
1845 1373 1850 1468 Ι

558 1522 722 1601 fruentur,

648 1633 723 1697 ἀλλὰ
747 1633 916 1715 φυλόξουσ’
943 1638 975 1699 οἱ
995 1637 1178 1719 φαυλότεροι
1201 1637 1272 1711 τοὺς
1295 1638 1438 1712 καλλίους
1462 1637 1608 1712 ἀπιόντας

649 1748 710 1812 &ud
733 1762 787 1814 τοῦ
811 1753 953 1831 δείττνου,
975 1751 1027 1814 καί
1049 1748 1213 1833 τηρήσουσ’
1241 1751 1289 1813 ut
1312 1758 1408 1814 τοῖσιν
1433 1753 1694 1832 δημοσίοισιν

649 1866 686 1927 οἳ
709 1868 950 1948 φαυλότεροι
972 1866 1051 1929 κούκ
1074 1866 1188 1941 ἔξεσται
1211 1865 1294 1947 τιαρδι
1317 1872 1393 1927 τοῖσι
1416 1871 1519 1939 καλοῖς
1543 1867 1744 1947 καταδαρθεῖν

648 1987 728 2043 ταῖσι
750 1980 889 2062 γυναιξίν
913 1980 1005 2063 ττρλν
1028 1986 1090 2055 τοῖς
1119 1981 1252 2061 αίσχροῖς
1275 1979 1327 2042 καλ
1349 1986 1411 2053 τοῖς
1432 1985 1550 2061 μικροῖς
1569 1979 1781 2061 χαρίσονται.

604 2096 657 2158 Sic
680 2096 717 2157 R.
749 2097 787 2158 In
811 2098 841 2155 Γ
859 2097 1066 2159 desideratur
1089 2112 1207 2159 versus
1230 2096 1468 2172 paenultimus.
1492 2096 1667 2157 Emblema
1689 2095 1781 2155 mani·

559 2210 685 2272 festum
727 2210 760 2271 οἱ
799 2209 982 2290 φαυλότεροι
1016 2210 1062 2271 ibi
1097 2211 1219 2272 delevit
1254 2210 1437 2287 Tyrwhitt,
1473 2211 1549 2271 dein
1584 2208 1786 2286 probabiliter

560 2324 709 2401 explevit
739 2323 851 2386 verbis
880 2321 946 2383 καί
976 2328 1057 2396 τοῖς
1088 2324 1279 2403 μεγάλοις
1302 2328 1379 2400 post
1401 2328 1503 2396 καλοῖς
1527 2325 1675 2385 insertis,
1697 2323 1783 2382 Prae·

559 2440 652 2499 terea
679 2439 714 2498 in
738 2453 838 2499 versu
862 2438 981 2498 ultimo
1004 2442 1084 2497 τοῖσι
1106 2436 1239 2518 γυναιξί
1263 2434 1489 2517 ιιρλν<ἂν>
1517 2436 1785 2517 ...χαρίσωνται

561 2552 708 2613 restituit
738 2552 874 2613 Porsou.
898 2551 1047 2625 Denique
1071 2567 1129 2627 pro
1152 2552 1344 2630 δημοσίοισιν
1364 2552 1493 2627 legatur
1518 2551 1785 2628 δωματίοισιν.

560 2667 634 2727 Non
665 2666 754 2728 enim
785 2667 872 2742 apud
904 2667 1079 2744 carnificat,
1110 2682 1217 2741 neque
1240 2667 1326 2742 apud
1348 2667 1480 2727 modicos
1502 2665 1665 2742 publiooS,
1689 2677 1787 2736 neque

562 2795 663 2857 prope
692 2782 759 2842 loco
789 2782 902 2843 nescio
927 2797 1011 2856 quae
1034 2781 1166 2856 publica
1190 2816 1230 2825 -
1255 2781 1312 2842 ubi
1334 2781 1416 2842 talia
1439 2795 1504 2842 non
1528 2780 1787 2856 peraguntur-
1846 2829 1851 2848 ,

562 2895 743 2957 adstabunt
766 2897 830 2957 viri
854 2896 1084 2974 deformiores,
1109 2895 1168 2956 sed
1189 2896 1233 2956 od
1252 2896 1337 2964 force
1360 2894 1586 2955 cubiculorum.

777 3213 815 3295 9)
836 3215 892 3274 De
914 3214 1141 3290 permutatis
1162 3226 1332 3292 νος-αις,
1357 3202 1594 3292 ὡς-καί-ἧ.
1854 3197 1855 3254 l

608 3425 719 3485 Etiam
748 3447 818 3495 -οος
848 3427 883 3485 et
913 3446 974 3495 -οις
1003 3424 1260 3485 terminationes
1291 3424 1500 3499 permutatae
1524 3421 1611 3482 inter
1633 3419 1790 3481 tralaticia
1852 3399 1856 3489 l

564 3540 644 3600 sunt
673 3539 766 3616 vitia,
799 3540 834 3599 in
864 3537 1054 3599 minuscula
1076 3537 1294 3613 potissimum
1319 3537 1519 3597 litteratura.
1543 3534 1654 3595 Unum
1677 3530 1794 3593 sufficit

565 3654 773 3729 exemplum:

653 3768 736 3830 Ach.
760 3770 837 3829 965.

742 3881 919 3959 κραδαίνων
941 3885 1048 3960 τρεῖς
1071 3880 1267 3952 κατασκίοις
1290 3877 1429 3954 λόφοις.

609 3997 663 4058 Sic
697 3997 740 4072 R,
779 4010 841 4056 nec
875 4010 940 4055 non
976 3995 1009 4054 in
1045 3994 1083 4053 Vi
1115 3994 1240 4054 saeculi
1275 4007 1401 4068 papyro
1425 4006 1531 4065 nuper
1555 3991 1719 4065 repertum
1742 3988 1792 4045 eet

566 4110 761 4184 ...λόφοις
792 4109 984 4184 Requiritur
1016 4110 1246 4184 accusativus,
1279 4112 1385 4186 τρεῖς
1416 4105 1620 4176 κατασκίους
1649 4101 1790 4178 λόφους,

565 4225 709 4298 gliscens
740 4226 855 4285 autem
887 4222 1145 4300 deprehenditur
1177 4222 1296 4282 vitium
1325 4223 1359 4283 in
1389 4220 1555 4281 codicibus
1580 4216 1791 4293 sequioribus,

566 4339 622 4413 qui
645 4336 751 4416 τρισὶ
775 4338 971 4409 κατασκίοις
994 4336 1124 4413 λόφοις
1149 4337 1284 4397 habent.

610 4452 713 4512 Recto
744 4467 822 4512 vero
853 4452 936 4513 th.
968 4452 1033 4512 627
1067 4452 1101 4511 in
1124 4451 1152 4511 R
1175 4450 1298 4526 legitur
1321 4453 1402 4520 τοῖς
1426 4445 1647 4519 ἀναπαίστοις
1670 4443 1790 4519 ἐτίομεν

566 4566 599 4626 id
622 4565 710 4639 quod
733 4566 768 4626 ln
792 4564 870 4627 aliis
893 4564 1063 4626 codicibus
1086 4566 1139 4626 est
1161 4562 1254 4636 τοὺς
1276 4559 1512 4634 ἀναπαίστοις.

602 4857 623 4926 ι)
640 4861 749 4920 Neglexi
767 4873 837 4908 nuno
854 4859 953 4906 leviora
973 4856 1073 4907 codicis
1091 4857 1168 4915 εἰσίω
1186 4859 1272 4905 insius
1290 4858 1323 4905 de
1341 4858 1391 4905 boo
1409 4858 1467 4904 loco
1484 4857 1663 4916 disputabitur
1679 4854 1746 4902 infra.
