4067 5950
1052 819 1341 868 GmMAmcoRun

803 988 900 1052 κακδν
922 996 1077 1071 γυναῖκες,
1099 986 1159 1052 ἀλλ’
1185 990 1279 1071 ὅμως,
1302 986 1326 1054 ὦ
1350 956 1490 1072 δημόται,

805 1103 863 1166 οὐκ
886 1103 966 1166 ἔστιν
989 1105 1083 1167 οίκιῖν
1106 1104 1206 1166 οίκίαν
1229 1103 1304 1168 άνιυ
1327 1115 1433 1168 κακοδ.

627 1215 722 1298 ἀρχὴν
742 1209 800 1279 οὖν
818 1218 965 1298 λαβόντος
982 1227 1037 1280 τοῦ
1056 1218 1230 1300 πράγματος
1242 1218 1347 1281 πολλοί
1359 1221 1499 1302 γεγόνασι
1509 1219 1636 1301 κωμικολ
1648 1219 1797 1302 ἐλέγχοντες

583 1329 655 1404 τοὺς
685 1340 785 1405 κακῶς
814 1333 958 1412 βιοῦντος
986 1330 1039 1393 καὶ
1067 1330 1200 1407 ἀδικίαις
1229 1334 1404 1415 χαίροντας,
1433 1334 1485 1397 καλ
1507 1334 1651 1397 ἐντεῦθεν
1675 1332 1797 1412 ὠφέλουν

581 1456 672 1531 κοινῇ
702 1444 758 1525 την
788 1447 943 1509 πολιτείαν
972 1456 1034 1508 τῶν
1063 1448 1245 1526 Ἀθηναίων.
1269 1446 1333 1509 ἐπεῖ
1356 1445 1444 1510 δὲτὸ
1467 1445 1522 1527 μέν
1544 1448 1722 1528 παράνομον
1744 1446 1795 1509 ἐπι-

579 1557 700 1641 κρατές,
730 1559 775 1621 δτι
804 1558 851 1621 ἀεῖ
881 1559 917 1621 τά
945 1560 1067 1642 χείρονα
1090 1573 1175 1647 νικῳ,
1197 1561 1234 1622 τδι
1257 1557 1284 1623 δ’
1311 1559 1417 1642 ἀγαθδι
1439 1562 1550 1642 ταχέως
1572 1560 1796 1640 ἀφίπταται,οῖ

578 1672 651 1751 μετά
679 1673 777 1735 πολὺν
800 1674 911 1755 χρόνον
934 1676 967 1736 οί
986 1677 1126 1738 πλούσιοι
1148 1672 1198 1737 καί
1222 1676 1254 1737 οί
1273 1672 1415 1755 άρχοντες
1438 1676 1475 1739 οδ
1499 1676 1681 1757 βουλόμενοι
1702 1697 1794 1759 κωμῳ-

579 1787 700 1850 δεῖσθαι
721 1786 851 1867 ἤρξαντο
874 1789 1003 1850 κωλύειν
1022 1789 1093 1862 τοὺς
1112 1788 1265 1868 κωμικοὺς
1283 1798 1337 1851 τοῦ
1357 1798 1496 1870 φανερῶς
1516 1790 1593 1853 οὕτω
1605 1790 1656 1851 καλ
1669 1785 1796 1868 ὀνομαστί

579 1900 707 1983 ἐλέγχειν
737 1902 808 1977 τοὺς
838 1900 1033 1981 ἀδικοῦντας,
1063 1897 1101 1963 ἵν’
1131 1901 1275 1965 ἐντεῦθεν
1298 1902 1474 1977 ἀδικοῦντες
1497 1902 1734 1985 μηέλέγχωνται
1753 1896 1792 1962 ἀπ’

580 2016 692 2078 αὐτῶν·
716 2015 791 2077 ὅθεν
814 2017 912 2098 ῶσπερ
936 2017 1165 2097 αἰνιγματωδῶς
1188 2014 1239 2078 καί
1263 2016 1300 2079 οδ
1323 2026 1462 2099 φανερῶς
1484 2014 1644 2098 ἠλέγχοντο
1667 2016 1727 2078 ὑπὸ
1747 2024 1795 2076 τῶν

578 2139 731 2210 κωμικῶν,
759 2129 834 2192 ἀλλὰ
862 2129 913 2192 καί
943 2130 984 2191 ἐτι
1016 2128 1066 2191 ἐπὶ
1096 2128 1188 2192 πλέον
1218 2132 1384 2213 προϊούσης
1405 2140 1457 2211 τῆς
1480 2131 1586 2204 κακίας
1609 2128 1796 2209 ἐκωλύθησαν

578 2242 631 2305 καλ
652 2254 707 2307 τοῦ
730 2244 957 2327 αἰνιγματωδῶς
979 2246 1146 2331 κωμῳδεῖν.
1171 2244 1219 2306 διδ
1237 2245 1279 2319 είς
1299 2244 1405 2320 ξένους
1424 2242 1475 2307 καί
1493 2245 1630 2325 πτωχοὺς
1648 2243 1796 2321 ἔσκωπτον,

579 2359 621 2432 τίς
641 2355 675 2420 δέ
692 2359 858 2433 πλουσίους
880 2357 932 2419 καλ
950 2357 1095 2433 ἐνδόξους
1119 2358 1226 2421 οὐκέτι.
1251 2359 1299 2420 διὸ
1317 2354 1339 2427 ¹)
1362 2358 1414 2421 καλ
1435 2364 1511 2441 τρεῖς
1534 2358 1685 2439 διαφορὰς
1708 2358 1796 2430 ἔδοξεν

577 2471 654 2553 ἐχειν
684 2469 704 2551 ἡ
735 2472 861 2559 κωμῳδί
882 2490 888 2503 ·
919 2468 939 2552 ἦ
968 2469 1025 2551 μὲν
1054 2471 1110 2554 γάρ
1141 2476 1272 2533 καλεῖται
1302 2473 1430 2551 παλαιά,
1458 2470 1478 2552 ἡ
1502 2470 1532 2547 ἐξ
1554 2471 1647 2554 ἀρχῆς
1670 2480 1794 2551 φανερῶς

577 2585 746 2668 ἐλέγχουσα·
769 2584 789 2666 ἦ
812 2584 846 2648 δέ
868 2585 957 2666 μέση,
975 2584 995 2666 η
1014 2586 1251 2668 αἰνιγματωδῶς·
1271 2584 1291 2666 ἣ
1309 2584 1342 2649 δέ
1362 2586 1429 2665 νέα,
1447 2584 1467 2666 ἡ
1487 2586 1643 2661 ἐπλξένων
1655 2586 1676 2668 ἢ
1688 2588 1793 2649 δούλαν

578 2699 598 2782 ἢ
627 2711 763 2782 πτωχῶν,
792 2699 833 2774 ὡς
864 2702 988 2781 εῖρηται.
1020 2699 1123 2783 γέγονε
1155 2698 1188 2763 δέ
1211 2711 1263 2780 τῆς
1286 2699 1340 2781 μὲν
1362 2701 1481 2782 πρώτης
1504 2703 1665 2789 κωμῳδίας
1688 2700 1793 2781 ἀριστος

577 2817 711 2896 τεχνίτης
742 2808 832 2889 οδτός
861 2837 891 2876 τε
922 2812 939 2876 ὁ
967 2814 1183 2897 Ἀριστοφάνης
1206 2814 1258 2877 καλ
1281 2813 1417 2890 Εὔπολις
1440 2814 1491 2878 καί
1515 2822 1679 2897 Κρατῖνος,
1700 2825 1748 2894 της
1768 2813 1795 2876 δὲ

578 2928 719 3011 δευτέρας
742 2930 882 3009 Πλάτων,
905 2965 946 2976 -
971 2929 1026 3010 οὐχ
1050 2927 1066 2992 δ
1090 2930 1273 3009 φιλόσοφος,
1295 2965 1337 2974 -
1362 2939 1415 3011 τῆς
1438 2930 1471 2993 δέ
1493 2929 1563 3006 νέας
1583 2930 1770 3013 Μένανδρος.

503 3059 534 3107 10
623 3043 763 3131 κωμῳδοὶ
786 3036 843 3106 οὖν
865 3043 1040 3124 ἐκλήθησαν
1060 3042 1080 3125 ἢ
1097 3044 1142 3106 δτι
1165 3045 1197 3106 οῖ
1213 3043 1273 3107 άπὸ
1293 3054 1352 3107 τῶν
1370 3055 1481 3125 κωμῶν
1501 3037 1703 3128 συναγόμενδι
1713 3055 1793 3108 ταῦτα

576 3154 668 3245 ᾖδον,
698 3157 737 3233 ὥς
768 3160 896 3239 εῖρηται,
918 3158 938 3240 ἢ
962 3160 1006 3221 δτι
1031 3157 1063 3221 ἐν
1087 3171 1127 3244 τῳ
1150 3170 1244 3244 καιρῳ
1268 3168 1321 3222 τοῦ
1344 3161 1481 3240 κάματος
1505 3159 1602 3242 ἤγουν
1625 3169 1680 3223 τοῦ
1703 3161 1791 3222 ὕπνου
1826 3157 1829 3164 ’

501 3294 531 3343 11
578 3268 703 3354 (λέγεται
724 3272 781 3354 γὰρ
803 3283 889 3352 κῶμα
908 3271 924 3334 δ
943 3274 1053 3347 δπνος)
1071 3267 1158 3358 ᾖδον,
1179 3272 1239 3334 ἐστι
1259 3271 1292 3335 δὲ
1311 3273 1366 3353 τὴν
1385 3274 1548 3360 κωμῳδίαν
1567 3273 1618 3335 καὶ
1637 3273 1792 3360 τραγῳδίαν

576 3387 681 3466 εἰπεῖν,
703 3386 795 3449 οίονελ
818 3388 988 3474 τρυγῳδίαν
1011 3386 1079 3449 τινὰ
1102 3379 1198 3450 οὖσαν
1214 3385 1255 3467 ¹),
1278 3387 1322 3449 δτι
1341 3387 1425 3470 τρυγί
1443 3388 1595 3468 χριόμενοι
1614 3387 1792 3470 ἐκωμῴδουν.

501 3520 532 3570 12
622 3501 683 3563 ἐστι
713 3499 746 3563 δὲ
774 3502 916 3589 κωμῳδία
947 3503 1071 3581 μίμησις
1102 3502 1236 3582 πράξεως
1267 3502 1386 3582 γελοίου
1399 3495 1437 3584 ⁸),
1467 3501 1673 3583 καθαρτήριος
1701 3505 1792 3577 παθη-

502 3635 532 3683 ιο
578 3615 690 3694 μάτων,
719 3614 880 3694 συστατικὴ
910 3625 964 3677 τοῦ
987 3616 1073 3696 βίου,
1104 3613 1155 3676 διδι
1177 3614 1302 3696 γέλωτος
1324 3614 1376 3677 καλ
1397 3612 1511 3696 ἡδονῆς
1534 3615 1715 3695 τυπουμένη.
1737 3615 1792 3675 δια-

575 3727 660 3810 φέρει
692 3725 724 3789 δέ
753 3728 903 3815 τραγῳδία
933 3728 1108 3814 κωμῳδίας,
1139 3729 1183 3790 δτι
1213 3725 1232 3808 ἡ
1256 3725 1310 3808 μέν
1341 3730 1493 3815 τραγῳδία
1517 3729 1652 3810 ἱστορίαν
1674 3723 1792 3808 ἔχεικαὶ

575 3841 759 3923 ἀπαγγελίαν
792 3841 930 3921 πράξεων
964 3839 1150 3922 γενομένων,
1183 3839 1241 3902 κάν
1273 3841 1313 3915 ὡς
1347 3840 1406 3922 ἤδη
1441 3843 1603 3924 γινομένας
1642 3840 1791 3922 σχηματίζη

575 3955 685 4034 αιἰτάς,
714 3951 733 4033 ἡ
759 3951 792 4015 δέ
814 3955 957 4041 κωμῳδία
987 3955 1146 4034 πλάσματα
1177 3955 1306 4038 περιέχει
1329 3958 1476 4036 βιωτικῶν
1499 3955 1683 4038 πραγμάτων
1695 3949 1725 4027 ⁴)·
1747 3949 1791 4013 καί

576 4069 620 4130 δτι
650 4077 702 4147 τῆς
726 4064 780 4147 μὲν
811 4069 978 4154 τραγῳδίας
1002 4068 1116 4143 σκοπὸς
1139 4068 1171 4132 τὸ
1194 4070 1236 4143 είς
1259 4076 1380 4150 θρῆνον
1403 4079 1528 4148 κινῆσαι
1550 4069 1622 4142 τοὺς
1645 4066 1793 4143 ἀκροατάς,

502 4193 533 4241 14
578 4191 630 4261 τῆς
661 4179 695 4244 δέ
721 4181 881 4267 κωμῳδίας
905 4182 946 4254 είς
969 4179 1090 4263 γέλωτα.
1114 4182 1165 4243 καί
1189 4179 1213 4256 ⁶)
1244 4183 1335 4243 πάλιν
1358 4178 1428 4244 καθ’
1455 4181 1558 4265 ἑτέραν
1582 4183 1724 4264 διαίρεσιν
1746 4187 1790 4256 της

606 4488 627 4550 ι)
644 4490 708 4538 cum
725 4491 775 4537 λιτο
790 4490 805 4548 5
823 4491 858 4538 σί.
876 4490 1041 4538 Δοδτοιιίοαε
1058 4504 1139 4552 supra
1156 4505 1216 4552 ρος.
1235 4494 1292 4541 191.

604 4568 626 4632 ²)
644 4575 740 4632 Aperte
757 4572 881 4630 corrupta
899 4574 961 4617 sunt
979 4571 1057 4630 λιιοος
1076 4572 1293 4619 τοτίῶοοᾱαιοιιοι
1311 4573 1360 4619 ίοτι
1378 4573 1404 4618 δλ
1420 4571 1461 4632 τὴν
1479 4574 1602 4635 κωμῳδίαν
1618 4574 1657 4619 καί
1670 4569 1788 4636 τρυγῳδίαν

571 4653 650 4705 ιίπιίκ,
665 4653 733 4698 οίονιλ
749 4651 891 4714 γλιυκῳδίοιν
906 4652 959 4697 τινὰ
976 4647 1057 4706 οὖσαν,
1075 4649 1089 4710 ἢ
1106 4652 1142 4698 δτι
1159 4654 1225 4714 τρυγί
1244 4651 1306 4698 m?
1325 4651 1363 4698 Of.
1382 4663 1462 4710 supra
1481 4664 1542 4712 pag.
1560 4653 1608 4698 188
1629 4652 1642 4709 5
1661 4652 1683 4697 λ.

604 4726 626 4788 ³)
643 4734 733 4789 γελοίου
749 4729 836 4789 suppl.
854 4729 946 4788 Bergk.
965 4730 1004 4777 05.
1024 4732 1153 4777 tractatus
1170 4730 1292 4789 anonymi
1309 4730 1322 4786 5
1340 4731 1354 4776 8
1373 4743 1453 4790 supra
1470 4743 1530 4790 pag.
1549 4731 1606 4777 192.

604 4806 626 4869 ⁴)
643 4810 699 4856 Ηοο
716 4809 877 4856 enuntiatum
896 4809 977 4856 habet
994 4810 1074 4858 etiam
1092 4809 1173 4857 schol.
1192 4809 1225 4856 οδ
1241 4807 1318 4855 Dion.
1336 4809 1429 4856 Thrae.
1448 4810 1543 4857 Διιουδ.
1560 4809 1640 4856 Bekk.
1657 4823 1682 4869 p.
1700 4809 1751 4856 ⁷4¹1.

604 4886 627 4952 Ιί)
644 4890 659 4949 5
677 4890 776 4936 14-18
794 4885 873 4934 etiam
891 4888 919 4934 in
937 4889 958 4934 V
975 4892 1077 4949 οτιεοῖς
1096 4889 1129 4936 οῖ.
1148 4902 1228 4950 supra
1246 4901 1306 4949 pag.
1325 4889 1373 4935 182
1392 4902 1430 4948 sq.
