4067 5950
709 800 790 846 vrri
813 799 852 847 nn
876 795 1046 845 ornamus.
1430 785 1492 845 113

258 977 351 1051 regis
384 974 492 1037 illium
526 976 700 1035 strenuum
731 973 902 1047 laudisque
932 973 1070 1034 bellicae
1100 973 1252 1050 avidum,
1284 971 1360 1033 dein
1389 973 1497 1048 ipsum

259 1104 375 1165 regern
399 1089 462 1150 sibi
485 1088 699 1151 reddiderunt
720 1086 898 1163 propitios;
921 1086 1178 1148 Atheniensium
1202 1087 1315 1148 autern
1340 1085 1441 1161 legati
1464 1085 1498 1146 in

260 1203 398 1265 vincula
420 1205 500 1263 sunt
523 1199 673 1262 coniecti.

309 1318 432 1379 Actum
465 1316 566 1392 igitur
600 1315 673 1374 erat
707 1312 747 1374 de
777 1312 1037 1374 Atheniensium
1072 1313 1251 1388 potestate,
1287 1312 1364 1374 iicet
1397 1311 1499 1374 maris

260 1431 449 1495 dominium
473 1428 713 1504 aliquantisper
736 1426 840 1488 etiarn
863 1426 906 1487 iis
929 1425 1161 1501 permanserit.
1185 1426 1336 1487 Necnon
1355 1425 1395 1486 de
1413 1425 1498 1486 Alci·

172 1520 176 1526 ⁵
261 1546 359 1607 biade
401 1547 474 1607 erni
508 1545 631 1605 actum.
675 1541 736 1618 Qui
771 1539 946 1616 promissis
980 1542 1071 1601 stare
1107 1555 1183 1601 cum
1219 1555 1284 1602 non
1320 1540 1499 1617 potuisset,

261 1661 377 1721 minus
408 1658 529 1720 exinde
558 1654 820 1719 Atheniensibus
842 1653 906 1715 luit
928 1655 1094 1730 acceptus.
1118 1655 1230 1715 Mense
1254 1653 1348 1717 Iunio
1372 1655 1437 1716 408
1462 1671 1498 1717 re

180 1768 192 1795 ‘
262 1772 352 1834 haud
375 1772 552 1834 infeliciter
568 1772 664 1846 geste
683 1769 835 1829 Athenas
853 1782 1008 1829 reversus
1029 1768 1174 1829 summis
1194 1768 1327 1842 quidem
1346 1768 1499 1830 laudibus

262 1889 318 1948 est
348 1886 547 1961 celebratus,
579 1885 738 1957 tanquam
763 1882 793 1942 si
815 1882 944 1957 patriae
966 1881 1304 1957 ruissetsospitat013
1329 1884 1363 1943 at
1386 1883 1501 1957 paucis

262 1999 438 2062 mensibus
467 1999 553 2075 post,
587 2011 663 2058 cum
692 1995 810 2057 classis
841 1995 913 2056 sine
940 1995 1013 2056 eius
1036 1994 1132 2071 culpa
1155 1994 1287 2056 adversi
1309 1995 1387 2070 quid
1411 1998 1500 2057 esset

263 2128 435 2189 perpesse,
469 2125 550 2172 aura
583 2106 734 2186 populari
768 2110 901 2169 mutate
934 2108 1130 2183 abrogatum
1163 2107 1193 2169 ei
1224 2109 1277 2170 est
1310 2108 1498 2184 imperium.

265 2226 359 2303 Quod
382 2226 555 2286 decretum
577 2221 728 2295 iniquum
752 2221 899 2295 graviter
921 2221 1032 2282 ferens
1052 2221 1175 2282 iterum
1199 2219 1308 2282 solum
1335 2221 1433 2284 vertit
1458 2255 1498 2266 —

264 2355 333 2401 non
364 2338 540 2401 rediturus.
571 2336 666 2396 Nunc
688 2348 816 2408 quoque
840 2333 956 2411 cuipas
978 2348 1045 2395 non
1069 2333 1236 2395 admissae
1258 2333 1321 2396 luit
1343 2349 1497 2412 poenam,

264 2467 334 2514 non
364 2455 478 2514 tamen
507 2451 638 2526 insons,
667 2447 726 2508 sed
757 2446 798 2508 ob
828 2446 928 2508 iidem
957 2447 1039 2508 olim
1070 2447 1197 2508 laesam
1228 2446 1357 2509 civibus
1379 2450 1500 2511 merito

265 2582 400 2643 semper
421 2567 607 2643 suspectus.
1504 2549 1506 2556 ‘

312 2680 415 2742 Novis
456 2677 663 2756 praetoribus
703 2675 738 2736 in
773 2674 854 2736 istis
888 2675 951 2737 iuit
984 2677 1021 2736 ut
1056 2675 1210 2737 ultimam
1245 2677 1500 2739 Atheniensium

267 2796 413 2858 classem
446 2795 481 2854 in
513 2792 688 2854 victoriam
718 2790 890 2865 ducerent,
923 2791 956 2850 et
986 2789 1078 2851 cives
1100 2790 1244 2865 gratiam
1266 2789 1309 2851 iis
1331 2792 1501 2868 repensuri

266 2911 365 2971 erant
399 2908 516 2985 cepitis
550 2905 748 2966 damnando.
783 2903 822 2964 in
856 2902 957 2965 Asiae
991 2917 1049 2964 ora
1081 2903 1123 2964 ad
1153 2902 1340 2980 Arginuses
1373 2905 1501 2967 insulas

267 3022 388 3084 classis
417 3021 734 3096 Peloponnesiorum
762 3031 873 3093 pugne
902 3018 1007 3079 atroci
1039 3020 1091 3079 est
1114 3018 1238 3094 deleta,
1264 3020 1321 3080 sed
1345 3022 1422 3096 post
1445 3034 1501 3097 pu·

266 3151 371 3213 gnam
404 3134 548 3211 procelle
581 3134 692 3193 coorta
725 3130 896 3208 prohibuit
936 3130 1115 3205 quominus
1150 3132 1294 3193 victores
1328 3135 1504 3195 servarent

266 3264 408 3325 corpora
429 3262 565 3309 suorum
589 3246 675 3306 inter
698 3243 837 3305 navium
861 3242 981 3304 rudera
999 3245 1034 3303 in
1054 3243 1210 3306 fiuctibus
1229 3246 1391 3307 natantia.
1412 3245 1501 3322 Quae

266 3364 297 3424 si
321 3377 388 3436 qua
416 3361 481 3422 ruit
500 3358 728 3435 neglegentia,
752 3390 795 3400 -
819 3356 879 3417 sed
901 3356 994 3419 nulla
1016 3357 1147 3420 videtur
1169 3358 1285 3435 inisse,
1310 3390 1354 3401 —
1377 3360 1502 3436 gravis-

267 3478 396 3539 simum
430 3473 559 3535 maium
592 3472 635 3533 iis
668 3470 793 3533 intulit.
829 3470 914 3531 Nem
949 3471 1230 3544 quemadmodum
1261 3471 1376 3533 decem
1407 3474 1503 3535 annis

267 3592 350 3652 ante
382 3590 416 3649 in
450 3585 670 3661 Alcibiadem,
700 3585 754 3670 sic
787 3597 877 3645 nunc
907 3584 940 3643 in
971 3583 1180 3646 Erasinidem
1210 3588 1245 3647 et
1274 3586 1433 3647 Periclem
1461 3618 1500 3628 —

267 3703 432 3779 Aspasiae
465 3699 570 3761 illium
594 3699 695 3760 -et
726 3700 853 3759 ceteros
888 3699 1059 3773 praetores
1092 3698 1216 3773 pietate
1247 3699 1501 3761 Atheniensium

266 3817 416 3893 pessimo
437 3815 533 3875 ebusi
555 3814 635 3874 sunt
657 3812 812 3873 homines
834 3811 981 3887 scelesti,
1006 3814 1041 3873 st
1063 3827 1139 3873 curn
1160 3812 1298 3874 ducibus
1316 3814 1503 3875 insontibus

266 3931 344 4005 ipsa
366 3929 485 3990 civitas
508 3927 618 3988 suisce
640 3926 822 3987 virtutibus
845 3926 879 3985 in
903 3925 1084 4001 perniciem
1109 3928 1160 3987 eet
1183 3925 1332 4002 abrepta.
1355 3926 1503 4003 ,Siccine

270 4046 346 4120 ,tot
376 4041 468 4101 milia
489 4041 637 4101 virorum
661 4054 720 4114 pro
742 4039 852 4113 patria
873 4040 1082 4100 mortuorum
1107 4038 1253 4100 caruisse
1276 4038 1426 4114 sepulcro
1450 4040 1503 4101 ho·

270 4155 407 4232 ,nestoi
439 4153 589 4214 Primum
611 4151 693 4212 illud
717 4151 851 4226 pietatis
874 4151 1032 4228 officium,
1058 4151 1143 4225 quod
1166 4167 1209 4212 ne
1232 4152 1266 4212 in
1289 4152 1504 4225 nequissimis

270 4268 428 4346 ,quidem
460 4265 653 4326 mortalium
677 4265 729 4326 ias
756 4267 846 4325 esset
875 4264 1020 4341 neglegi,
1051 4264 1183 4325 illorum
1214 4265 1404 4340 corporibus
1430 4280 1505 4326 esse

270 4380 539 4459 „denegatum”

315 4495 358 4555 iit
381 4493 509 4554 iactum
532 4494 584 4552 est
606 4490 640 4551 id
662 4490 749 4565 quod
768 4490 961 4552 incredibile
980 4491 1122 4552 videtur.
1143 4491 1255 4553 Mense
1277 4491 1411 4553 Octobri
1429 4493 1507 4552 anni

267 4610 339 4669 406
363 4608 439 4667 octo
462 4607 647 4681 praetores,
673 4605 730 4679 qui
753 4604 794 4665 nd
817 4605 1006 4679 Arginusas
1029 4605 1190 4681 vicerant,
1216 4619 1236 4665 e
1260 4605 1387 4665 civibus
1411 4620 1507 4667 caeco

268 4722 377 4784 animi
408 4721 538 4796 impetu
569 4716 743 4779 ruentibus
772 4732 830 4792 per
860 4720 1011 4779 saturem
1036 4717 1156 4779 mortis
1178 4719 1257 4779 sunt
1280 4718 1443 4792 damnati,
1467 4734 1508 4778 ne

268 4852 311 4898 ea
334 4834 469 4910 quidem
493 4832 565 4906 iege
587 4836 736 4907 servata,
761 4846 844 4905 qnae
868 4832 908 4892 de
932 4831 1081 4907 pluribus
1104 4830 1204 4891 simul
1223 4833 1288 4919 reis
1307 4832 1506 4892 sententiam

326 4941 376 4984 As„
1413 4937 1427 4979 8
