4067 5950
1090 800 1132 844 DE
1155 801 1280 846 Ponrnll

1077 987 1300 1036 oronnoronrs.

778 1085 870 1159 ,Non
894 1083 1183 1159 Bellerophontes;
1208 1102 1410 1161 quamquam
1430 1089 1464 1148 et
1488 1087 1542 1149 hic
1565 1103 1659 1149 meus
1677 1088 1736 1147 fuit

778 1196 956 1273 ,Olaudue,
980 1198 1091 1275 dican,
1116 1203 1305 1276 protervus,
1330 1203 1439 1262 orator
1463 1203 1569 1263 catus.

1097 1353 1282 1400 numerans.

778 1450 882 1526 ,Novi
906 1450 1013 1511 virum
1038 1451 1158 1513 istum:
1191 1453 1372 1528 Telephum
1397 1454 1539 1528 Mysum.

1077 1594 1299 1641 orcinororrs.

1557 1669 1679 1730 Probe!

779 1783 876 1857 ,Mihi
899 1781 1047 1858 Telephi,
1072 1783 1211 1858 supplex
1236 1799 1360 1860 precor,
1386 1785 1427 1844 da
1451 1784 1640 1860 paenulam.
1728 1804 1730 1808 ¹

1100 1923 1283 1970 numerans.

779 2023 893 2099 ,Puer,
919 2021 1087 2083 lacernam
1111 2023 1296 2096 squalidam
1319 2025 1397 2084 huic
1420 2025 1462 2084 da
1484 2026 1636 2100 Telephi:

778 2137 888 2212 ,Iacet
910 2150 1011 2211 supra
1034 2135 1190 2210 Thyestis
1213 2137 1420 2198 immundam
1445 2141 1576 2213 togam,

780 2250 896 2326 ,illam
920 2250 1006 2309 inter
1030 2251 1129 2322 atque
1152 2251 1245 2312 Inus.

1031 2364 1190 2433 (Affertur
1214 2366 1342 2436 vestis.)

1242 2478 1327 2554 Cape
1350 2480 1446 2540 hanc.
1468 2481 1590 2556 -En,
1611 2496 1698 2541 nunc
1716 2479 1787 2540 abi.’'

617 2594 748 2658 Gratias
779 2592 985 2667 Dicaeopolis
1015 2592 1085 2665 agit
1114 2608 1197 2665 quae
1225 2596 1337 2667 potest
1366 2597 1556 2671 maximas3
1588 2597 1646 2658 sed
1676 2597 1788 2672 praeter

571 2712 699 2771 vestem
739 2707 926 2782 squalidam
967 2705 1070 2766 etiam
1113 2706 1256 2780 Phrygio
1289 2708 1409 2783 pileolo
1444 2725 1526 2785 opus
1560 2713 1622 2771 est.
1657 2707 1789 2782 Requirit

570 2825 673 2885 etiam
703 2821 873 2896 baculum,
903 2835 965 2880 nec
994 2835 1074 2895 non,
1100 2835 1183 2893 quae
1206 2837 1264 2896 pro
1287 2824 1507 2884 mendicantis
1529 2839 1609 2899 pera
1632 2826 1690 2900 sit,
1712 2837 1788 2896 spor·

568 2940 688 3016 culam,
715 2975 754 2984 -
779 2935 870 2997 olera
893 2934 1053 2995 nimirum
1076 2934 1241 3010 Euripidis
1264 2937 1374 2997 mater
1396 2937 1476 2999 olim
1503 2937 1691 2998 venditasse
1718 2938 1785 2998 fere·

568 3056 673 3130 batur,
698 3086 738 3096 -
765 3054 798 3112 et
828 3049 936 3126 poculi
967 3049 1040 3110 loco
1072 3049 1208 3110 ollulam
1243 3050 1421 3126 rimosam;
1455 3051 1627 3112 vasculum
1662 3052 1786 3124 denique

566 3168 705 3244 spongia
738 3166 997 3227 obturatum...
1022 3178 1086 3235 qua
1119 3163 1237 3238 pedem
1268 3166 1434 3240 saucium,
1466 3169 1504 3226 ut
1534 3165 1697 3241 Telephus
1726 3162 1784 3235 ille,

566 3285 736 3357 detergere
759 3277 875 3353 possit.
899 3275 1029 3350 Accipit
1052 3275 1183 3349 singula
1207 3292 1227 3336 a
1250 3281 1361 3355 poeta,
1387 3280 1460 3351 qui:

771 3391 1010 3469 „Tragoediam
1034 3390 1118 3450 mihi
1143 3390 1244 3467 eripis
1268 3407 1394 3468 meam,
1420 3395 1540 3455 miseri

771 3506 891 3582 ,Sume
913 3505 980 3564 ista
1004 3506 1037 3563 et
1059 3504 1138 3564 hinc
1161 3503 1288 3565 facesse
1312 3521 1411 3578 quam
1437 3509 1593 3582 primum.

1078 3646 1299 3703 oronnoponrs

1594 3722 1706 3783 Vale.”

610 3840 672 3900 Sed
703 3837 849 3899 nondum
881 3835 951 3895 abit
980 3834 1076 3909 plura
1106 3836 1208 3896 etiarn
1232 3837 1415 3909 requirens.
1439 3837 1551 3897 Poscit
1573 3840 1739 3911 praeterea
1758 3833 1786 3890 in

566 3952 750 4029 sportulam
774 3951 929 4010 foliorum
953 3948 1087 4021 aliquid.
1111 3948 1181 4009 Hoc
1205 3964 1333 4022 quoque
1356 3950 1387 4010 ei
1410 3950 1546 4027 praebet
1570 3950 1750 4026 Euripides:

769 4064 893 4138 ,Tenet
918 4076 1039 4123 enecas
1062 4076 1126 4121 me.
1151 4063 1267 4139 Periit,
1293 4078 1347 4137 en,
1374 4064 1584 4138 tragoedia!”

612 4180 706 4239 Nunc
738 4178 840 4252 igitur
874 4176 943 4236 abit
972 4189 1080 4235 novus
1111 4174 1289 4252 Telephus,
1322 4177 1380 4237 sed
1411 4178 1526 4237 statim
1558 4177 1733 4237 revertitur
1759 4175 1788 4233 et

564 4292 722 4353 ultimum
745 4289 982 4349 munusculum
1005 4288 1161 4361 flagitans
1184 4289 1279 4349 unice
1302 4290 1365 4350 sibi
1388 4290 1632 4351 necessarium:

769 4402 984 4478 ,olusculum
1007 4401 1050 4461 da
1072 4402 1193 4462 matris
1216 4417 1234 4461 e
1257 4418 1358 4477 regno
1381 4404 1482 4464 tuae”

565 4520 728 4594 precatur.
751 4517 796 4576 ht
819 4516 925 4575 iratus
948 4513 1085 4574 tandem
1108 4517 1207 4589 poeta
1229 4515 1392 4590 tragicus:

769 4628 933 4704 ,insultat
955 4629 1031 4688 iste.
1057 4626 1207 4688 Claudite
1231 4632 1363 4689 aeratas
1386 4628 1507 4690 fores.”

567 4744 737 4807 clauditur
760 4743 863 4802 ianua
886 4744 920 4801 et
942 4740 1167 4815 Dicaeopolis:

770 4856 861 4934 ,Mea
883 4858 995 4915 mensi
1021 4856 1199 4916 eundumst
1217 4856 1290 4917 sine
1309 4856 1398 4917 olere
1421 4856 1511 4932 hinc,
1533 4857 1637 4929 video,
1659 4855 1765 4917 mihi.”
