4067 5950
687 809 729 854 nr
752 807 861 853 rrxnu
884 805 1038 852 cadomo.
1410 790 1476 851 309

248 981 414 1056 Hirschig;
445 995 530 1055 quae
561 980 705 1042 fortasse
727 1012 771 1023 -
795 979 863 1041 nisi
893 978 1068 1054 displiceat
1099 993 1238 1040 caesura
1267 978 1301 1039 iu
1331 977 1414 1052 pede
1438 972 1477 1039 7⁰

248 1094 327 1169 apud
350 1094 516 1156 comicum
540 1109 616 1156 rara
633 1089 655 1165 ¹)
680 1128 721 1139 -
745 1094 795 1155 sic
817 1097 898 1154 suni
921 1092 1120 1155 ordinanda:

288 1199 546 1286 ἣνιῦπρᾶττωσ’,
564 1206 601 1269 οὐ
624 1202 721 1269 τοῦτ’
748 1205 874 1279 αὐτοῖς
898 1206 1032 1287 μεγάλη
1057 1200 1131 1265 ἔσθ’
1158 1202 1293 1285 ὑγίειας
1313 1199 1384 1282 σάφ’
1399 1204 1475 1265 ἴσθι.

331 1322 394 1383 Ar.
420 1322 496 1384 609.

288 1433 344 1495 οὖν
367 1428 447 1495 οἶσθ’
473 1433 516 1495 ὅτι
547 1432 663 1496 πέντε
693 1432 835 1516 γενεὰς
866 1431 1026 1514 ἀνδρῶν
1056 1432 1123 1507 ζώει
1145 1429 1292 1512 λακέρυζα
1315 1432 1453 1511 κορώνης

246 1548 305 1609 Ubi
327 1549 482 1611 Bentleio
506 1549 646 1611 debetur
669 1565 750 1612 vera
771 1550 871 1611 lectio
902 1544 1004 1610 πέντ’
1040 1545 1197 1627 ἀνδρῶν
1226 1546 1374 1629 γενεάς.

329 1663 392 1725 Ar.
420 1664 516 1725 1710.

419 1774 513 1857 οἰστὴρ
539 1775 715 1855 ἔλαμψεν
739 1776 844 1839 ἰδεῖν
874 1782 1043 1858 χρυσαυγεῖ
1061 1775 1153 1862 δόμῳ.

247 1890 460 1953 scribendum
490 1890 596 1951 ἰδεῖν
627 1890 785 1971 ἔλαμψε.

328 2005 412 2067 Rau.
440 2006 526 2066 1474
550 2006 585 2066 in
609 2005 638 2066 R
660 2009 757 2067 suut:

419 2118 571 2199 αἴσχιστον
594 2118 683 2201 έργον
714 2118 979 2202 εἰργασμένος
1011 2116 1297 2200 προσβλέπεις,

244 2233 338 2307 paulo
368 2233 512 2294 meliora
536 2268 576 2277 -
600 2233 680 2295 licet
709 2234 876 2296 deteriora
906 2235 1005 2296 etiam
1032 2234 1210 2295 videantur
1245 2232 1329 2293 -in
1353 2232 1391 2308 V,
1416 2232 1474 2306 qui

245 2349 315 2422 post
343 2346 498 2426 αἴσχιστον
529 2348 629 2409 habet
659 2342 686 2424 μ’
720 2349 836 2409 invitis
866 2349 1026 2410 numeris.
1051 2349 1090 2410 Iu
1113 2348 1190 2429 aliis
1214 2346 1382 2409 codicibus
1404 2361 1474 2421 per-

246 2476 354 2536 peram
379 2461 461 2524 haec
483 2463 532 2524 sic
555 2464 634 2523 sunt
657 2463 803 2524 mutata:

419 2575 572 2655 αἴσχιστον
595 2574 685 2656 ἔργον
709 2571 736 2654 μ’
765 2574 1039 2658 ἐργασάμενος
1069 2573 1355 2655 προσβλέπεις,

247 2704 303 2751 nec
325 2690 391 2752 nisi
414 2691 449 2750 in
472 2690 589 2766 paucis
612 2692 707 2751 artai
729 2686 918 2766 tragicus’)
941 2692 998 2765 qui
1021 2690 1201 2764 requiritur
1221 2690 1391 2752 trimeter:

420 2802 574 2883 αἴσχιστον
598 2802 688 2885 ἔργον
717 2803 987 2885 προσβλέπεις
1018 2800 1046 2883 μ’
1081 2802 1356 2887 εἰργασμένος.

325 2917 415 2980 Plut.
441 2918 506 2980 583
530 2919 565 2980 in
588 2919 763 2997 Rscripia
785 2922 883 2982 sunt:

283 3030 377 3113 ιλγᾶρ
390 3029 541 3108 ἐπλούτει,
560 3041 623 3106 πῶς
636 3030 675 3093 ἂν
688 3043 785 3094 ποιῶν
805 3033 925 3107 αὐτὸς
948 3033 1016 3096 τὸν
1041 3032 1266 3114 ὄλυμπιιιὸν
1286 3032 1390 3115 ἀγῶνα
1406 3032 1474 3111 xri„

243 3148 349 3220 peiora
372 3147 474 3208 eiiam
499 3147 533 3207 in
556 3147 595 3223 V,
620 3149 675 3210 hic
699 3150 789 3210 enim
814 3151 943 3211 omittit
964 3151 1165 3226 particulam
1190 3146 1237 3209 liv.
1261 3148 1396 3227 Verum,
1416 3151 1475 3211 sed

242 3273 321 3321 novo
345 3260 427 3321 vitio
451 3261 629 3340 iniectum,
654 3263 792 3338 praebet
814 3267 861 3325 A:

415 3381 481 3447 πῶς
503 3370 542 3434 ἂν
562 3384 660 3436 ποιῶν
684 3375 752 3437 τὸν
776 3372 1057 3455 ὀλυμπι[α]ιιὸν
1081 3375 1201 3449 αὐτὸς
1225 3374 1338 3458 οἰγῶνα.

282 3600 474 3665 Cuiusmodi
498 3620 627 3667 errores
649 3606 683 3667 in
708 3607 880 3668 communi
902 3608 1094 3668 nostrorum
1120 3605 1267 3666 codicum
1294 3605 1476 3681 archetypo

245 3716 376 3777 minime
418 3733 514 3779 raros
554 3719 660 3780 fuisse
702 3723 882 3796 postquam
918 3719 1164 3796 intelleximus,
1198 3719 1301 3779 nimis
1332 3719 1475 3780 audaces

245 3829 341 3890 videri
363 3835 535 3907 nequeunt
557 3834 620 3895 hae
643 3835 870 3896 coniecturae:

326 3947 389 4007 Ar.
418 3947 514 4008 1247.

326 4057 464 4139 μέλαθρα
488 4056 543 4136 μὲν
567 4058 663 4121 αὐτοῦ
686 4059 738 4120 καὶ
767 4061 916 4138 δόμους
940 4062 1150 4140 Ἀμφίονος
1170 4059 1175 4142 Ι
1196 4061 1426 4122 καταιθαλώσω.

245 4169 309 4231 lovi
330 4174 480 4234 minatur
502 4173 692 4236 Piaeieerus
714 4190 752 4236 se
775 4179 809 4236 ei
831 4176 939 4252 ipsius
962 4179 997 4237 ei
1020 4176 1220 4252 Amphionis
1244 4176 1343 4236 aedes
1364 4176 1474 4236 incen-

246 4298 370 4360 surum;
403 4287 461 4347 sed
489 4287 691 4363 Amphionis
715 4303 835 4349 nomen
861 4289 938 4351 hinc
962 4290 1119 4351 alienum.
1143 4288 1298 4351 Comicus
1321 4289 1473 4350 dederat:

326 4398 464 4479 μέλαθρα
482 4397 536 4477 μὲν
549 4399 645 4460 αὐτοῦ
657 4399 708 4460 καλ
731 4399 980 4479 ἀμφικίονας
1005 4401 1155 4479 δόμους
1171 4397 1195 4474 ⁸)
1216 4401 1221 4480 Ι
1240 4401 1471 4462 καταιθαλώσω.

250 4588 455 4600 §.—

278 4714 296 4782 l)
312 4721 349 4768 01.
365 4735 425 4781 pag.
444 4723 503 4783 nio,
522 4726 545 4769 1.

276 4795 296 4861 ¹)
312 4800 349 4847 ili.
366 4813 425 4860 pag.
445 4801 503 4862 2⁰8,
522 4804 544 4848 1.

277 4874 296 4942 ³]
311 4879 365 4927 lion
380 4879 496 4927 indicula
512 4882 595 4941 igilur
610 4881 675 4930 crasi
691 4897 767 4945 quem
786 4884 898 4930 dicimus
911 4880 1015 4947 (cipp).
1034 4883 1072 4931 ci.
1092 4897 1151 4943 pag.
1172 4885 1229 4932 8⁰5.
