4067 5950
560 754 623 813 188
977 769 1266 815 flmmoonuu

554 943 624 1003 σίαν
647 940 724 1021 ἔχειν
747 942 779 1002 ολ
800 937 855 1017 μέν
878 939 922 1001 δτι
945 938 1014 1021 περλ
1037 936 1058 1012 ¹)
1089 939 1141 1013 τάς
1163 940 1265 1019 κύμας
1289 942 1458 1021 περιιόντες
1480 937 1557 1028 ᾖδον
1581 941 1633 1004 καλ
1656 942 1770 1004 ἐπεδείκ-

555 1079 663 1135 νυντο,
693 1056 783 1135 μήπω
814 1055 933 1117 πόλεων
964 1054 1082 1133 ούσῶν,
1111 1050 1172 1117 ἀλλ’
1198 1054 1232 1117 έν
1253 1057 1369 1135 κόμαις
1392 1057 1560 1119 οἰκούντων
1584 1066 1644 1119 τῶν
1668 1055 1772 1135 ἀνθρύ

558 1190 633 1233 πων·
658 1172 689 1231 οἳ
710 1166 781 1242 δέ’)
804 1167 1009 1251 ἀντιλέγοντές
1032 1187 1108 1248 φασι
1130 1168 1171 1249 μη
1194 1170 1297 1247 κύμας
1325 1176 1485 1233 καλεῖσθαι
1507 1170 1592 1251 παρά
1615 1172 1772 1251 Ἀθηναίοις

560 1285 636 1347 ἀλλά
666 1285 796 1364 δήμους,
825 1282 877 1345 καί
899 1284 1064 1370 κωμῳδίαν
1087 1282 1184 1363 αὐτὴν
1207 1290 1354 1347 καλοῦσιν
1378 1284 1442 1347 ἐπεί
1465 1285 1498 1348 έν
1520 1292 1585 1360 ταῖς
1609 1283 1692 1359 ὁδοῖς
1713 1284 1773 1345 ἐκύ-

496 1412 511 1460 2
557 1404 662 1478 μαζον.
696 1397 752 1477 την
781 1396 879 1477 αύτην
910 1394 943 1459 δέ
965 1396 1017 1459 καί
1047 1398 1219 1485 τρυγῳδίαν
1248 1397 1324 1477 φασλ
1356 1400 1408 1461 διδι
1428 1400 1462 1461 τδ
1485 1407 1548 1473 τοῖς
1573 1400 1774 1479 εὐδοκιμοῦσιν

561 1512 609 1575 έπλ
639 1524 679 1592 τῷ
711 1512 841 1598 Ληναίῳ
871 1517 996 1593 γλεύκος
1020 1513 1182 1590 δίδοσθαι,
1204 1512 1278 1592 ὅπερ
1302 1511 1432 1575 έκάλουν
1454 1515 1565 1595 τρύγα,
1586 1511 1607 1594 ἣ
1630 1513 1674 1575 δτι
1696 1513 1772 1591 μήπω

559 1629 759 1708 προσωπείων
781 1624 964 1706 ηὑρημένων
985 1626 1070 1708 τρυγλ
1093 1626 1278 1706 διαχρίοντες
1300 1627 1336 1689 τά
1357 1628 1505 1710 πρόσωπα
1528 1628 1731 1707 ὑπεκρίνοντο.

498 1762 513 1809 3
603 1743 749 1825 γεγόνασι
778 1738 812 1803 δέ
841 1739 1005 1821 μεταβολαὶ
1035 1742 1195 1829 κωμῳδίας
1225 1747 1312 1820 τρεῖς·
1343 1740 1395 1803 καλ
1424 1738 1444 1821 ἣ
1475 1740 1530 1821 μέν
1561 1741 1682 1824 ἀρχαία,
1709 1738 1774 1820 ἣδὲ

559 1856 627 1936 νέα,
650 1855 671 1937 λ)
695 1854 729 1918 δέ
751 1854 837 1934 μέση.

603 1972 636 2033 ολ
654 1968 711 2050 μέν
735 1961 792 2032 ούν
814 1978 866 2049 της
889 1967 1015 2048 ἀρχαίας
1037 1969 1198 2055 κωμῳδίας
1221 1968 1345 2049 ποιηταλ
1373 1969 1428 2050 ούχ
1450 1970 1628 2044 ὑποθέσεως
1651 1970 1774 2049 ἀληθοῦς

556 2084 631 2147 ἀλλὰ
653 2085 777 2158 παιδιᾶς
800 2082 985 2164 εύτραπέλου
1008 2084 1165 2165 γενόμενοι
1189 2083 1316 2164 ζηλωταί
1340 2085 1411 2159 τοὺς
1435 2082 1557 2165 ἀγῶνας
1581 2086 1711 2148 ἐποίουν.
1731 2082 1775 2145 καὶ

558 2199 681 2283 φέρεται
708 2199 810 2261 αὐτῶν
832 2198 868 2259 τά
890 2198 990 2260 πάντα
1012 2192 1036 2271 ⁸)
1067 2198 1204 2280 δράματα
1226 2196 1283 2272 τξε’
1305 2192 1329 2272 ⁴)
1354 2199 1411 2261 σύν
1434 2206 1497 2273 τοῖς
1520 2200 1775 2281 ψευδεπιγράφοις.

497 2343 514 2387 4
558 2316 673 2377 τούτων
692 2312 726 2375 δέ
745 2313 821 2375 εἰσιν
840 2310 1071 2394 ἀξιολογώτατοι
1087 2307 1288 2393 Ἐπίχαρμος,
1307 2314 1456 2396 Μάγνης,
1476 2318 1641 2394 Κρατῖνος,
1655 2315 1776 2395 Κρύτηςε

564 2428 768 2510 Φερεκράτης,
792 2427 960 2507 Φρύνιχος,
983 2424 1135 2505 Εὔπολις,
1158 2427 1382 2506 Ἀριστοφάνης.

499 2569 513 2613 5
599 2539 784 2623 Ἐπίχαρμος
806 2539 1000 2619 Συρακόσιος
1013 2534 1046 2611 Ι).
1071 2532 1159 2612 οὗτος
1182 2538 1238 2619 τὴν
1257 2541 1419 2628 κωμῳδίαν
1439 2540 1652 2623 διερριμμένην
1673 2550 1775 2621 πρῶτος

561 2656 744 2734 ἀνεκτήσατο
777 2653 874 2715 πολλά
902 2654 1208 2733 προσφιλοτεχνήσας.
1239 2655 1360 2735 χρόνοις
1390 2652 1423 2716 δέ
1444 2654 1550 2737 γέγονε
1571 2655 1648 2717 κατὰ
1668 2655 1718 2733 τὴν
1738 2651 1775 2733 ιγ’

556 2769 759 2849 Ὀλυμπιάδα,
790 2778 826 2854 τῇ
857 2764 890 2857 δέ
919 2767 1041 2845 ποιήσει
1069 2766 1220 2847 γνωμικδς
1253 2766 1304 2828 καλ
1338 2767 1489 2849 εύρετικδς
1523 2768 1574 2831 καί
1608 2770 1775 2847 φιλότεχνος.

561 2886 684 2971 σῴζεται
707 2880 740 2945 δέ
759 2882 855 2944 αύτοῦ
879 2882 1018 2962 δράματα
1042 2880 1082 2960 μ’,
1104 2873 1147 2942 ὧν
1170 2880 1376 2963 ἀντιλέγονται
1398 2882 1434 2943 δ’.

497 3019 512 3066 ε
604 3001 738 3081 Μάγνης
771 2995 805 3060 δέ
832 3002 996 3077 Ἀθηναῖος
1021 2995 1248 3078 ἀγωνισάμενος
1271 2998 1417 3077 Ἀθήνησι
1439 2999 1526 3072 νίκας
1548 2998 1634 3079 έσχεν
1657 2997 1705 3060 ια’.
1724 3005 1774 3056 τῶν

562 3109 595 3173 δὲ
619 3112 780 3192 δραμάτων
803 3111 899 3173 αύτού
924 3108 1016 3173 ούδὲν
1040 3111 1170 3195 σῴζεται.
1193 3109 1230 3171 κά
1253 3107 1286 3172 δέ
1309 3109 1512 3192 έπιφερόμενά
1536 3112 1615 3173 ἐστιν
1638 3109 1728 3174 δννία.

499 3247 513 3299 7
604 3231 755 3307 Κρατῖνος
789 3230 952 3305 Ἀθηναῖος
983 3236 1054 3308 νικᾷ
1085 3222 1158 3302 μετὰ
1187 3223 1242 3302 τὴν
1265 3223 1311 3285 κε’
1333 3221 1356 3297 ⁶)
1384 3221 1588 3306 Ὀλυμπιάδα,
1616 3232 1728 3308 τελευτᾷ
1748 3219 1775 3282 δὲ

562 3340 816 3418 Λακεδαιμονίων
840 3339 883 3412 εἰς
905 3337 962 3417 την
987 3335 1118 3416 Ἀττικὴν
1142 3337 1344 3418 είσβαλάντων
1367 3337 1401 3400 τὸ
1431 3349 1550 3419 πρῶτον
1567 3334 1603 3419 7),
1633 3341 1672 3414 ὥς
1694 3355 1775 3417 φησιν

563 3453 779 3536 Ἀριστοφάνης

829 3540 1038 3622 ,,διρακιάσας·
1063 3540 1099 3602 ού
1122 3539 1179 3621 γάρ
1204 3538 1374 3620 ἐξηνέσχετο

830 3655 929 3736 ,ἰδὼν
953 3656 1051 3716 πίθον
1074 3655 1304 3735 καταγνύμενον
1328 3655 1415 3716 οἴνου
1439 3649 1602 3728 mimum)

562 3770 667 3853 γε’γονε
697 3769 731 3832 δὲ
760 3772 1009 3849 ποιητικώτατος,
1039 3769 1271 3854 κατασκευάζων
1295 3770 1338 3843 εἰς
1360 3770 1413 3832 τὸν
1436 3771 1589 3850 Αἰσχύλου
1612 3776 1775 3851 χαρακτῆρα.

564 3884 686 3966 φέρεται
708 3882 743 3947 δὲ
766 3885 904 3965 δράματα
927 3883 1025 3946 αύτού
1049 3881 1104 3943 κα’.

502 4018 518 4065 8
608 4000 728 4081 Κράτης
764 4003 937 4078 Ἀθηναῖος.
971 4006 1081 4058 τοῦτον
1112 3995 1281 4076 ὑποκριτήν
1311 4014 1385 4075 φασι
1417 3996 1573 4077 γεγονέναι
1603 3997 1637 4059 τδ
1658 4005 1778 4077 πρῶτον,

598 4206 620 4273 ι)
635 4212 688 4274 περ)
705 4210 810 4270 Καίλιολ]
829 4211 874 4256 λιι).

598 4289 619 4349 ²)
637 4290 676 4337 οι.
693 4290 799 4338 Aristot.
817 4291 888 4337 poet.
907 4290 931 4336 ι.

598 4364 621 4426 ⁸)
636 4370 667 4415 τὰ
682 4372 761 4416 πάντα
778 4367 902 4428 Blnydes]
921 4371 1000 4415 πάντα
1018 4368 1055 4413 τὰ.

599 4442 619 4502 ⁴)
637 4448 706 4504 Quot
722 4449 790 4496 οοΙοε
807 4448 887 4495 habet
904 4460 996 4501 annus,
1010 4445 1110 4493 habent
1126 4449 1167 4493 tot
1190 4446 1309 4492 dramata
1327 4445 1453 4492 Athenae.
1472 4471 1501 4480 —
1521 4445 1641 4492 Totidem
1659 4444 1702 4491 uni
1717 4437 1776 4486 Anti·

567 4526 645 4584 phuni
662 4528 763 4574 mediae
781 4526 932 4574 comoediae
950 4528 1044 4586 poetae
1061 4525 1155 4572 tribuit
1172 4525 1266 4574 fluidas
1283 4521 1310 4570 in
1327 4538 1351 4571 τ.

600 4601 621 4664 ⁶)
636 4608 688 4653 Ἔα.
705 4605 771 4670 Συρ]
789 4620 839 4653 om.
858 4607 949 4652 codex.

600 4681 621 4741 ο)
637 4682 773 4744 (λοι-[πρίω.
790 4685 908 4731 Meineke
926 4686 987 4732 κατὰ
1004 4684 1047 4744 τὴν
1063 4683 1114 4740 ποτ’,
1131 4685 1218 4744 Bergk
1235 4685 1295 4740 μετὰ
1311 4683 1352 4742 τὴν
1368 4682 1401 4730 π’.
1444 4722 1447 4729 .

598 4758 620 4824 ⁷)
636 4763 773 4810 Manifesta
791 4765 858 4811 falsa
876 4765 908 4811 de
925 4763 1025 4813 Cratini
1042 4779 1110 4811 anno
1127 4764 1201 4811 fatali
1217 4764 1260 4811 hio
1278 4764 1436 4810 referuntur.

601 4837 622 4903 ο)
638 4843 681 4888 Δι’.
698 4839 757 4888 Pan.
776 4844 824 4890 702
842 4856 881 4901 sq.
