4067 5950
555 728 621 786 312
1000 743 1043 788 nn
1066 742 1174 787 nnxno
1198 742 1350 788 nsanrno.

600 916 661 993 Qui
691 914 749 977 illo
780 915 868 989 loco,
899 914 956 975 ubi
983 915 1016 975 in
1050 913 1219 977 codicibus
1242 915 1375 993 legitur,
1399 916 1565 977 molestus
1588 918 1652 992 est,
1675 918 1774 991 itaque

555 1031 679 1093 dudum
708 1032 743 1092 in
775 1030 952 1093 infamiam
981 1030 1113 1108 incidit,
1146 1030 1283 1091 namin
1308 1031 1445 1092 scholiis
1468 1030 1498 1090 V
1518 1024 1655 1106 legitur:
1681 1027 1774 1105 ,ἀδια-

554 1144 663 1223 νόητος
696 1141 712 1205 ὁ
743 1144 888 1223 ἴαμβος”,
920 1145 1054 1219 iamque
1086 1145 1120 1204 in
1152 1144 1355 1208 editionibus
1386 1160 1428 1205 ne
1457 1145 1627 1206 numerari
1655 1144 1775 1218 quidem

553 1258 658 1333 solet;
678 1260 738 1320 sed
760 1261 837 1335 post
858 1274 993 1320 versum
1018 1259 1084 1319 818
1109 1259 1308 1335 collocatus,
1337 1260 1370 1319 in
1394 1258 1460 1320 line
1482 1260 1643 1334 longioris
1663 1258 1779 1337 ῥήσεις,

555 1374 753 1449 aptissimus
775 1376 840 1436 est.
863 1371 942 1433 Veri
965 1372 1126 1433 indicium
1150 1373 1251 1434 habet
1274 1372 1380 1434 altera
1402 1388 1480 1449 pars
1499 1373 1636 1434 scholii:
1658 1369 1697 1451 „b
1713 1371 1778 1451 πρὸς

554 1485 590 1546 τὰ
620 1484 683 1547 ἅνω
715 1491 777 1556 (vs.
809 1486 897 1557 808)·
928 1482 979 1545 aul
1008 1494 1103 1545 ταῦτα
1132 1481 1229 1564 μηδὲν
1252 1481 1430 1566 ἐξενεγκόντ’
1463 1487 1601 1565 οἴκοθεν,
1632 1486 1778 1565 αὗταιγὰρ

553 1595 614 1677 ἡδὺ
638 1600 762 1680 πρᾶγμά
785 1597 845 1659 ἐστι
869 1598 901 1659 τὸ
925 1601 1102 1663 πλουτεῖν”.
1124 1600 1333 1677 Quamquam
1355 1616 1421 1661 non
1444 1600 1618 1675 illaquam
1641 1602 1779 1663 scholion

554 1714 680 1775 indicat
702 1714 880 1789 respicitur
903 1728 1036 1790 versus,
1061 1715 1119 1775 sed
1143 1715 1319 1789 proximus
1342 1720 1404 1785 (vs.
1429 1715 1523 1785 8021:

734 1824 773 1898 ὡς
796 1821 857 1903 ἡδὺ
881 1828 1034 1905 πράττειν,
1057 1819 1185 1904 ὦνδρες,
1206 1822 1261 1886 ἔστ’
1289 1825 1488 1905 εὐδαιμόνως.

599 1943 637 2002 In
668 1941 734 2002 fine
765 1943 972 2003 narrationis
995 1957 1115 2002 servus
1139 1939 1394 2021 (ἀριστοφανικῶς
1418 1942 1513 2013 πάνυ)
1536 1944 1579 2003 ad
1602 1944 1782 2018 primasca

555 2056 657 2118 verba
680 2057 776 2117 redit.
1473 2112 1475 2117 .

599 2170 709 2232 Etiam
732 2186 850 2231 versus
870 2171 934 2231 897
955 2169 1107 2231 eiusdem
1128 2170 1262 2230 fabulae
1278 2169 1446 2231 aberravit
1466 2171 1623 2232 inlocum
1636 2171 1780 2231 alienum.

554 2286 593 2345 In
617 2287 714 2345 textu
738 2285 862 2346 tradito
886 2283 1018 2345 Carioni
1041 2284 1190 2358 roganti:

735 2396 935 2474 κακόδαιμον,
958 2394 1117 2477 ὀσφραίνει
1140 2419 1183 2470 τι;

557 2515 795 2589 respondetur:

1228 2634 1282 2686 τοῦ
1306 2626 1426 2706 ψύχους
1450 2622 1472 2707 γ’
1500 2626 1582 2699 ἴσως·

736 2739 799 2801 ἐπεὶ
821 2739 962 2801 τοιοῦτόν
985 2736 1009 2819 y'
1037 2738 1198 2818 ἀμπέχεται
1221 2740 1393 2820 τριβώνιον.

602 2856 690 2931 Quae
722 2857 781 2915 vix
812 2858 847 2916 et
873 2870 915 2915 ne
946 2855 1005 2915 vix
1037 2855 1171 2929 quidem
1203 2857 1346 2929 possunt
1372 2855 1542 2930 explicari.
1567 2855 1630 2915 Sed
1654 2856 1709 2929 qui
1731 2855 1785 2913 hoc

555 2969 628 3031 loco
652 2969 917 3031 molestissimus
942 2969 994 3030 est
1016 2984 1149 3045 versus,
1174 2968 1340 3030 scribatur
1362 2970 1439 3045 post
1461 2970 1541 3030 957:

920 3080 995 3142 ἰδὼν
1016 3080 1073 3162 γὰρ
1097 3080 1193 3142 αὐτὸν
1215 3083 1363 3163 γνώσεται

736 3196 781 3257 ὅτι
803 3192 858 3257 ἔστ’
885 3195 1005 3257 ἐκείνου
1028 3205 1083 3256 τοῦ
1107 3205 1247 3276 πονηροῦ
1271 3195 1439 3274 κόμματος,

741 3309 832 3371 (ἐπεὶ
854 3309 996 3371 τοιοῦτόν
1020 3305 1043 3391 γ’
1071 3307 1234 3390 ἀμπέχεται
1258 3310 1448 3389 τριβώνιον)

558 3431 592 3488 et
616 3426 820 3488 utilissimus
850 3423 888 3485 fit
912 3425 952 3485 ad
977 3424 1179 3500 explendum
1204 3426 1430 3501 enuntiatum,
1455 3425 1541 3499 quod
1565 3426 1641 3485 sine
1664 3439 1701 3485 eo
1724 3423 1785 3483 erat

557 3556 716 3602 mancum
744 3542 842 3614 atque
870 3538 1020 3613 elumbe;
1051 3539 1192 3600 indicari
1223 3540 1312 3600 enim
1345 3539 1458 3600 debuit
1481 3554 1547 3612 quo
1570 3539 1693 3599 indicio
1714 3549 1786 3596 usus

555 3656 727 3716 balneator
762 3655 933 3717 hominem
965 3652 1148 3714 scelestum
1176 3668 1236 3714 suo
1263 3653 1382 3714 statim
1414 3653 1522 3728 pretio
1557 3653 1786 3713 aestimaturus

556 3773 658 3831 esset.
684 3769 763 3830 Vitii
787 3771 901 3830 autem
934 3783 1072 3828 causam
1104 3767 1254 3828 ostendit
1284 3768 1326 3844 R,
1360 3769 1394 3828 in
1426 3782 1491 3840 quo
1510 3767 1653 3843 popinae
1669 3766 1785 3842 primm

555 3901 664 3945 cereus
695 3886 748 3944 est
773 3883 850 3944 897.
876 3882 1030 3943 Omissus
1056 3882 1158 3956 igitur
1182 3882 1277 3957 olim,
1303 3881 1377 3943 dein
1397 3882 1430 3940 in
1455 3881 1606 3955 margine
1630 3879 1784 3956 superiore

557 3998 747 4074 suppletus,
770 4012 852 4057 mox
876 4011 935 4072 pro
959 3995 1102 4070 paginae
1125 3995 1234 4071 primo
1257 3995 1391 4056 habitus
1414 3997 1476 4056 ost.

602 4332 605 4336 ,
680 4278 738 4353 14)
759 4277 815 4337 De
836 4276 971 4337 verbis
991 4277 1166 4350 vulgatis
1186 4277 1269 4336 loco
1291 4277 1486 4336 rariorum
1508 4275 1675 4350 scriptis.

602 4462 698 4523 Nunc
721 4462 899 4523 dicendum
924 4463 975 4522 est
1000 4460 1125 4535 aliquid
1149 4461 1188 4520 de
1213 4475 1364 4524 errorum
1385 4461 1528 4533 quodam
1548 4475 1683 4536 genere,
1705 4458 1784 4519 cuius

558 4577 641 4636 certi
673 4574 756 4636 fines
786 4575 947 4637 constitui
978 4590 1045 4634 non
1076 4576 1228 4649 possunt.
1256 4573 1411 4649 Quisquis
1435 4588 1501 4634 non
1525 4574 1612 4634 satis
1635 4568 1785 4643 intellegit

558 4704 643 4764 quae
673 4688 828 4765 excutit,
855 4687 965 4748 verbis
998 4688 1177 4760 exquisitis
1206 4687 1358 4762 vulgata,
1392 4686 1584 4747 nominibus
1618 4683 1785 4747 rarioribus

560 4802 756 4876 quotidiana
796 4800 1000 4862 substituere
1042 4800 1128 4862 solet
1171 4801 1377 4875 imprudens.
1421 4799 1473 4860 Sic
1515 4799 1549 4860 in
1591 4797 1783 4874 argumento
