4067 5950
526 730 569 790 88
1044 749 1086 793 ur
1110 747 1235 794 acarna

524 922 684 992 gamenta
718 924 751 980 te
785 921 985 994 proiciami”
1016 953 1061 964 —
1090 921 1143 980 hle
1175 921 1407 997 similibusque
1438 921 1548 982 verbis
1582 917 1689 978 Bullio
1722 920 1756 976 et

525 1028 628 1091 fartor
651 1046 709 1105 per
732 1035 839 1092 totam
862 1031 1010 1093 fabulam
1029 1034 1117 1093 inter
1134 1048 1172 1094 se
1191 1034 1473 1096 conviciabantur.
1492 1029 1757 1094 Acharnensium

525 1142 656 1204 fabulae
692 1159 749 1206 eae
784 1146 982 1220 praesertim
1017 1150 1131 1221 partes
1168 1145 1373 1224 placuerant,
1409 1147 1443 1208 in
1476 1146 1598 1221 quibus
1630 1142 1757 1203 hilaros

525 1255 671 1316 laetitiae
704 1256 881 1331 indulgens
919 1261 1017 1332 poeta
1054 1259 1146 1320 iocos
1179 1259 1341 1333 quosdam
1380 1260 1542 1321 innocuos
1574 1272 1651 1318 cum
1685 1256 1756 1330 ipso

528 1371 722 1443 argumento
753 1370 841 1430 haud
870 1371 919 1430 ita
949 1369 1058 1431 firmis
1089 1371 1233 1432 vinculis
1260 1372 1476 1434 cohaerentes
1509 1370 1643 1446 ingenio
1677 1369 1757 1429 ludi·

529 1480 636 1542 hundo
667 1485 900 1544 exornaverat.
932 1483 1052 1544 Omitti
1082 1499 1122 1545 ea
1150 1486 1264 1546 omnia
1286 1485 1501 1560 potuissent.
1523 1528 1531 1546 .
1552 1497 1646 1544 .non
1677 1495 1758 1542 sane

527 1595 599 1654 sine
618 1594 740 1669 insigni
758 1594 890 1656 tabulae
909 1596 1123 1673 detrimento,
1144 1597 1239 1658 salva
1261 1599 1375 1659 tamen
1394 1597 1466 1658 sius
1484 1608 1612 1668 trama;
1632 1594 1759 1655 colores

528 1709 563 1766 et
588 1707 699 1782 ipsum
723 1708 823 1769 decus
845 1709 877 1768 ei
899 1710 1044 1770 fuissent
1065 1710 1213 1787 ademta,
1237 1725 1302 1772 non
1327 1712 1416 1772 esset
1439 1709 1580 1770 divulsa.
1604 1709 1642 1768 In
1666 1706 1757 1781 liqui-

527 1820 616 1881 tibus
641 1836 717 1882 vero
748 1821 832 1881 nihil
861 1825 933 1882 erat
963 1822 1048 1895 quod
1075 1823 1203 1883 inimici
1225 1824 1442 1897 quantumvis
1464 1821 1621 1883 malevoli
1644 1819 1761 1880 inutile

528 1932 685 1996 dicerent.
704 1934 742 1994 In
762 1931 863 1995 finem
883 1937 1036 2010 optatum
1056 1935 1296 1997 concurrebant
1314 1937 1441 2017 omnia,
1460 1937 1533 1996 sine
1552 1934 1631 1995 ullis
1649 1932 1759 1994 amba·

528 2047 635 2123 gibus.
667 2048 771 2109 Recta
800 2047 901 2110 flebat
930 2050 1079 2126 impetus
1109 2051 1143 2110 in
1165 2050 1352 2111 Bullionem
1376 2049 1451 2110 inde
1475 2049 1515 2109 ab
1538 2063 1577 2110 eo
1599 2045 1761 2123 temporis

529 2161 681 2236 articulo,
714 2177 778 2237 quo
802 2164 952 2236 equitum
978 2164 1098 2224 chorus
1120 2163 1267 2224 irruebat
1289 2165 1324 2224 in
1347 2165 1568 2238 orchestram,
1593 2159 1761 2235 usquead

528 2273 660 2336 fabulae
690 2276 835 2352 exitum,
868 2292 931 2349 quo
961 2291 1082 2338 servus
1113 2277 1341 2338 fraudulentus
1367 2277 1401 2336 in
1425 2277 1660 2352 angiportuum
1682 2273 1759 2332 late-

530 2388 607 2448 bras
641 2389 834 2449 immundas
869 2390 1073 2464 abigebatur.
1115 2390 1261 2452 Dicteria
1291 2390 1431 2466 ludicra,
1469 2387 1606 2450 verbula
1637 2387 1759 2461 faceta,

532 2503 672 2562 venusta
707 2503 838 2563 cantica
872 2504 934 2564 hoc
968 2516 1097 2577 quoque
1131 2505 1249 2578 poetae
1290 2518 1372 2579 opus
1410 2503 1518 2563 multa
1551 2499 1695 2561 habebat
1728 2502 1760 2559 et

531 2614 680 2675 infinitos
711 2616 889 2677 cachinnos
919 2617 1116 2692 praesertim
1143 2617 1232 2678 inter
1254 2617 1367 2677 minus
1389 2618 1468 2678 culti
1490 2616 1615 2691 ingenii
1638 2615 1763 2689 specta·

530 2730 620 2788 tores
644 2729 822 2789 excitavit:
850 2730 1027 2806 „inutiles”
1051 2729 1274 2804 digressiones
1297 2745 1361 2791 non
1385 2746 1423 2792 eo
1446 2746 1510 2805 quo
1528 2727 1766 2806 properabatur

532 2841 690 2902 ducentes
713 2841 857 2903 habebat
881 2842 999 2904 nullas.
1028 2843 1099 2904 Non
1122 2843 1221 2904 ilores
1243 2843 1405 2904 amabiles
1427 2844 1485 2904 sed
1508 2842 1601 2917 fungi
1624 2841 1764 2915 maligni

531 2970 607 3016 vere
638 2971 724 3018 novo
753 2958 989 3032 procreverant
1020 2971 1062 3018 ex
1086 2955 1157 3018 solo
1179 2957 1312 3033 putrido
1336 2957 1577 3019 discordiarum
1600 2954 1764 3031 civilium,

528 3069 668 3130 formosi
680 3085 762 3132 sane
773 3072 959 3145 vividisque
973 3072 1138 3133 coloribus
1149 3072 1313 3148 insignes,
1331 3073 1388 3133 sed
1402 3086 1528 3152 veneno
1540 3070 1764 3131 infectissimi.

575 3297 635 3357 Rei
658 3297 807 3372 publicae
831 3299 864 3358 ln
887 3300 1062 3373 Equitibus
1088 3300 1191 3361 nihilo
1215 3300 1323 3374 magis
1346 3298 1562 3359 maledictum
1587 3300 1638 3358 est
1662 3313 1763 3371 quam

531 3410 566 3469 in
595 3410 882 3487 Acharnensibus;
914 3428 992 3474 nam
1024 3415 1058 3473 in
1089 3415 1210 3475 fortem
1235 3415 1475 3486 strenuumque
1499 3412 1764 3473 marathonoma·

533 3525 631 3584 chum
662 3525 718 3598 qui
748 3526 941 3587 mutabatur
968 3527 1126 3604 Populus,
1152 3527 1310 3603 propudio
1334 3525 1469 3586 habitus
1489 3525 1556 3585 'dici
1578 3527 1637 3585 aut
1659 3523 1765 3585 videri

532 3652 599 3696 non
628 3638 747 3712 potuit.
772 3638 896 3699 Tamen
922 3642 1054 3714 negotia
1077 3642 1160 3701 haec
1182 3639 1296 3701 fabula
1318 3643 1433 3715 poetae
1456 3639 1641 3713 facessivit,
1666 3638 1764 3709 ξενίας

532 3750 620 3811 enim
644 3754 777 3826 propter
800 3768 873 3813 eam
898 3756 951 3813 est
972 3754 1198 3815 insimulatus.

578 3864 647 3939 Qua
678 3864 717 3926 de
747 3880 783 3926 re
813 3882 897 3942 quae
928 3867 1118 3941 accepimus
1148 3868 1354 3942 testimonia,
1390 3868 1449 3927 aut
1483 3864 1651 3926 sublestae
1683 3866 1762 3924 sunt

530 3976 607 4039 fidei
630 3980 688 4039 aut
711 3979 877 4054 ambiguis
900 3979 1012 4041 verbis
1036 3983 1204 4056 concepta.
1237 3980 1440 4056 Quapropter
1462 3978 1555 4038 hiere
1578 3979 1634 4051 qui
1655 3978 1762 4052 ipsam

531 4106 603 4153 rem
634 4093 669 4153 in
700 4093 836 4155 dubium
861 4097 1018 4155 vocarent
1042 4094 1093 4155 vel
1118 4096 1219 4155 etiam
1244 4109 1264 4153 a
1287 4094 1372 4154 seris
1394 4093 1629 4167 interpretibus
1652 4090 1762 4152 flotam
1864 4125 1865 4152 1

531 4207 781 4268 contenderent.
816 4208 926 4281 Ipsius
962 4210 1076 4268 tamen
1112 4210 1229 4282 poetae
1265 4239 1306 4250 —
1341 4221 1405 4279 quo
1439 4205 1509 4266 solo
1540 4205 1608 4265 iam
1639 4205 1763 4264 utimur

530 4321 619 4379 teste
649 4320 832 4381 idoneo-
859 4322 1021 4394 quaedam
1053 4319 1154 4381 verba
1185 4320 1269 4381 satis
1299 4320 1381 4380 bene
1405 4317 1555 4393 intellegi
1577 4333 1678 4393 posse
1701 4332 1764 4379 non
1864 4307 1865 4372 3

531 4432 697 4509 videntur,
722 4434 787 4493 nisi
818 4434 915 4505 ξενίας
940 4433 1079 4494 crimine
1102 4448 1218 4494 revera
1241 4433 1383 4508 petitum
1408 4433 1584 4493 sumimus.
1609 4432 1764 4491 Fortasse

533 4546 621 4606 haud
641 4545 869 4624 improbabilis
891 4580 931 4589 -
953 4562 1032 4607 nam
1052 4549 1143 4607 certa
1162 4546 1300 4606 hicnon
1320 4545 1526 4621 expectanda
1542 4578 1583 4587 —
1602 4543 1764 4605 videbitur
1864 4545 1865 4572 ¹

535 4675 620 4732 quae
644 4660 794 4733 sequitur
817 4660 865 4719 rei
889 4660 1063 4734 expositio.
1864 4635 1865 4638 Ἴ

579 4774 655 4835 Una
673 4773 848 4834 hominum
868 4774 978 4834 aetate
995 4775 1073 4833 ante
1092 4773 1170 4834 beili
1188 4772 1456 4848 Peloponnesiaci
1475 4773 1610 4832 initium
1624 4770 1765 4831 Athenis
1864 4859 1865 4862 Ἴ
