4067 5950
588 729 653 789 346
1030 741 1072 785 οε
1095 741 1203 786 rrxrrr
1227 740 1380 788 τελοιοο.

676 917 732 991 Eq.
758 916 834 977 424.

765 1027 1035 1106 ἀποκρυπτόμενος
1059 1028 1101 1099 εἰς
1124 1027 1164 1088 τὼ
1178 1028 1312 1107 ’κοχώνα
1336 1029 1407 1101 τοὺς
1430 1029 1526 1101 θεοὺς
1549 1027 1747 1105 ἀπώμνυον.
1862 1070 1864 1077 .

944 1142 997 1203 Sic
1021 1142 1049 1201 V
1072 1144 1105 1203 et
1129 1141 1157 1202 R
1180 1158 1239 1218 pro
1263 1140 1464 1219 ἀπώμνυν.

676 1258 760 1319 Νυλι.
786 1259 862 1319 728.

766 1366 1001 1449 ἕξευρητέος
1026 1369 1082 1450 γὰρ
1108 1379 1182 1442 νοῦς
1205 1368 1445 1450 ἀποστερητικός.

946 1486 999 1547 Sic
1024 1487 1051 1546 V
1075 1490 1109 1547 et
1133 1488 1161 1547 R
1184 1503 1242 1563 pro
1266 1485 1503 1565 ἐξευρετέος.

678 1600 742 1661 Av.
768 1601 844 1661 394.

767 1713 1167 1792 κατορυχθησόμεθοι
1190 1721 1251 1774 ποῦ
1275 1722 1346 1793 γῆς;

948 1827 1001 1887 Sic
1024 1827 1053 1885 V
1076 1829 1110 1888 et
1133 1827 1162 1888 B
1184 1842 1244 1903 pro
1267 1827 1663 1906 κατορυχησόμεσθα,

679 1941 811 2001 Theem.
836 1942 889 2002 56.

768 2051 819 2112 καλ
842 2059 1004 2132 κηροχυτεῖ
1023 2051 1073 2112 καὶ
1096 2054 1318 2133 γογγυλίζει.

948 2168 1002 2228 Sic
1025 2168 1053 2227 R
1076 2184 1135 2242 pro
1158 2168 1361 2247 γογγύλλει.

589 2282 716 2343 Nedum
749 2284 939 2343 atticismus
972 2281 1041 2342 illis
1075 2282 1169 2360 locis,
1207 2283 1262 2344 ubi
1297 2284 1447 2344 numeris
1483 2299 1549 2344 non
1585 2284 1805 2353 defenderetur,

588 2396 688 2457 fuerit
714 2398 817 2457 iuius.

635 2511 797 2587 Exemplo
823 2513 867 2572 sit
890 2512 990 2587 vesp.
1018 2512 1098 2571 125:

769 2623 913 2685 ἐντεῦθεν
938 2620 1031 2686 οὐκέτ’
1058 2624 1153 2687 αὐτὸν
1177 2624 1397 2704 ἐξεφρίεμεν

592 2739 656 2813 leg.
681 2737 897 2816 ἐξεφρίεμεν
921 2740 1057 2811 (Nauck)
1081 2741 1102 2801 i.
1127 2756 1154 2801 6.
1180 2736 1377 2817 ἐξεπαρῗεμεν.

638 2855 799 2915 Graviore
824 2870 899 2915 cum
926 2856 1008 2914 vitio
1033 2871 1083 2916 vs.
1110 2857 1193 2916 147:

637 2965 713 3044 αἰτὰρ
737 2967 793 3029 οὐκ
822 2966 1057 3046 ἕσερρήσεισ
1085 2969 1193 3048 γεΝ)
1218 2968 1286 3031 vel:
1316 2966 1390 3045 ἀτὰρ
1414 2968 1470 3028 οὐκ
1495 2966 1677 3047 ἐρρήσεις
1699 2988 1735 3046 γε
1755 2964 1807 3038 (Β),
1861 2978 1866 3021 ι’

592 3085 760 3159 adscripto
782 3081 858 3158 „eim
885 3082 1038 3165 εἰσελεύυγ
1058 3081 1130 3159 μετὰ
1150 3085 1307 3160 φθορᾶς”,
1329 3084 1393 3158 leg.
1413 3081 1488 3158 αἰτὰρ
1508 3075 1617 3142 οὐκέτ’
1640 3079 1808 3156 ἕκφρήσοι
1861 3088 1866 3115 ’ν

593 3219 632 3257 σε
655 3198 832 3272 (Blaydes).

638 3312 740 3372 Multo
765 3312 867 3371 eiiam
893 3310 1032 3370 stultius
1057 3285 1156 3371 versu
1182 3310 1291 3371 vicino
1315 3312 1412 3386 Vesp.
1440 3313 1520 3372 162:

771 3419 830 3501 ἴθ’,
856 3421 1004 3502 ἀντιβολῶ
1030 3419 1070 3500 σ’,
1094 3423 1238 3502 ἔκφερὲ
1261 3447 1311 3501 με,
1335 3423 1375 3502 μὴ
1400 3425 1567 3504 διαρραγῶ,

592 3540 698 3599 immo
722 3537 865 3615 ἔκφρες
890 3559 926 3615 με
949 3539 1161 3610 (Buttmann)
1178 3534 1210 3609 ¹).

683 3653 760 3728 Lys.
785 3653 859 3714 975.

681 3767 816 3827 Thesm.
840 3769 895 3828 61.

636 3880 751 3940 Dualis
769 3880 901 3940 numeri
924 3880 1052 3940 formae
1076 3882 1267 3940 contractae
1291 3896 1334 3941 ex
1357 3901 1399 3939 -εε
1419 3881 1452 3940 in
1471 3902 1512 3939 -ει
1531 3880 1668 3956 abeunt,
1690 3883 1722 3939 et
1740 3875 1811 3937 tales
1865 3853 1866 3861 ¹

592 3995 626 4053 in
646 3994 808 4068 lapidibus
824 3996 974 4068 repertae
994 3995 1123 4054 extant.
1143 3992 1221 4053 Veri
1242 3994 1420 4068 vestigium
1442 3997 1553 4054 servat
1572 3992 1616 4053 R:
1638 3989 1678 4051 τὼ
1699 3988 1811 4048 σκέλει

593 4108 654 4168 Av.
693 4109 797 4181 12543
833 4108 911 4167 alibi
942 4123 1001 4182 pro
1033 4128 1073 4166 -α
1104 4107 1204 4167 scribi
1236 4107 1321 4167 solet
1351 4129 1396 4182 -η,
1419 4106 1520 4167 Cuius
1543 4107 1617 4165 vitii
1644 4102 1812 4178 frequentis

594 4222 783 4296 exemplum
818 4236 922 4281 unum
952 4221 1122 4295 prolatum
1153 4236 1242 4281 nunc
1268 4219 1392 4281 sufficit
1415 4220 1550 4280 Thesm.
1576 4219 1640 4279 282
1664 4220 1811 4293 περικαλλῆ

596 4334 782 4412 Θεσμοφόρω
811 4350 870 4409 pro
900 4339 1031 4411 -καλλεῐ,
1064 4350 1131 4396 non
1162 4337 1287 4396 temere
1317 4335 1366 4395 sic
1396 4335 1573 4410 scriptum,
1598 4335 1686 4393 teste
1709 4329 1811 4392 Photio

959 3709 1242 3788 ξυγγογγυλλσας
1265 3709 1330 3785 leg.
1355 3711 1587 3791 ξυγγογγύλας
1604 3704 1639 3780 ’1.
1865 3759 1866 3846 ρ

629 4650 649 4716 ¹)
666 4655 783 4702 Introire
805 4660 960 4703 manserunt
982 4657 1082 4703 formae
1104 4661 1237 4720 λκφρήοετι,
1260 4661 1424 4720 εἰσφρήσομιν,
1446 4657 1587 4718 διαφρήσετε
1605 4655 1684 4715 Veap.
1704 4656 1759 4710 156,
1775 4650 1810 4697 891

595 4737 641 4780 Av.
661 4735 716 4780 193.

629 4809 650 4871 ²)
670 4813 708 4859 Os.
726 4826 787 4872 pag.
805 4815 863 4860 323.
