4067 5950
764 790 1010 839 conrosrrrourr.
1436 777 1501 838 249

256 964 444 1038 aliquanto
478 966 566 1026 hunc
600 962 702 1025 linem
733 964 833 1025 habet
861 964 976 1026 fabula
1004 967 1043 1026 ut
1071 967 1148 1040 post
1178 966 1278 1027 verba
1303 966 1501 1041 ,abeamus2

255 1080 356 1139 satis
378 1080 543 1140 lusimus”
566 1078 634 1139 dux
658 1079 795 1139 chorum
820 1079 962 1139 abducat
983 1081 1123 1141 tacitum
1141 1074 1171 1151 ¹).

309 1194 516 1268 Argumenti
545 1192 788 1268 expositionem
812 1195 973 1267 actusque
995 1194 1129 1254 initium
1153 1197 1328 1270 postquam
1353 1195 1503 1269 praebuit

255 1308 446 1384 praelatio,
480 1309 598 1369 chorus
627 1306 730 1368 intrat
760 1302 1007 1378 orchestramb
1031 1308 1084 1369 vel
1114 1309 1216 1369 etiam
1241 1309 1342 1369 citato
1365 1309 1447 1383 pede
1469 1309 1504 1369 in

257 1436 346 1481 eam
379 1421 494 1496 irruit,
529 1422 605 1483 dein
636 1421 707 1483 illic
736 1438 773 1483 se
803 1422 990 1497 constituit,
1022 1436 1121 1497 saepe
1150 1424 1225 1497 post
1256 1423 1403 1497 aliquam
1428 1438 1503 1483 cum

257 1536 442 1598 act-oribus
483 1538 716 1598 contentionem.
758 1536 842 1595 Tum
873 1536 1041 1597 verborum
1072 1540 1229 1597 certarnen
1260 1537 1374 1598 haberi
1404 1537 1504 1618 solet,

258 1651 320 1711 cui
354 1650 478 1725 proprii
511 1650 581 1712 lere
610 1654 691 1712 sunt
721 1650 894 1725 anapaesti
924 1651 1128 1726 tetrametri,
1153 1651 1333 1712 sedetiam
1357 1651 1505 1712 trochaei

256 1763 439 1838 iambique
474 1765 664 1825 tetrametri
699 1763 864 1824 eiusmodi
899 1763 1138 1824 certaminibus
1173 1768 1252 1825 sunt
1282 1766 1362 1841 apti.
1393 1764 1506 1825 Prima

257 1880 385 1938 autem
416 1878 532 1940 statim
563 1877 674 1939 fabula
697 1894 740 1939 ex
763 1878 804 1937 iis
827 1892 910 1953 quae
932 1880 1079 1939 aetatem
1102 1879 1251 1939 tulerunt
1274 1880 1505 1940 Acharnenses

257 1993 418 2053 testatur
452 2005 518 2052 non
549 1995 676 2052 certum
707 1992 851 2066 aliquem
880 1992 941 2052 hac
968 1992 1002 2052 in
1026 2008 1062 2052 re
1086 1991 1231 2052 valuisse
1255 2008 1396 2070 morem,
1421 2007 1505 2066 quae

258 2105 383 2165 fabula
403 2120 461 2181 pro
480 2104 666 2166 certamine
683 2106 835 2166 versibus
850 2105 1060 2167 tetrametris
1079 2109 1236 2182 concepto
1256 2107 1356 2168 habet
1373 2106 1505 2169 Dicaeo-

173 2237 176 2278 :
259 2219 392 2294 polidis
411 2233 549 2279 causam
568 2218 695 2279 orantis
714 2218 844 2280 iambos
863 2219 1052 2293 trimetros;
1073 2219 1195 2281 similis
1215 2223 1267 2281 est
1282 2220 1502 2297 Thesmopho·

259 2333 482 2395 riazusarum
516 2332 647 2393 fabulae
682 2333 890 2409 compositio,
925 2335 959 2393 et
991 2334 1082 2393 omni
1113 2334 1289 2396 verborum
1321 2336 1504 2396 certamine

261 2449 370 2507 caret.
395 2448 464 2507 Pax
494 2446 619 2508 fabula.
643 2447 757 2521 Neque
781 2449 908 2508 certam
933 2448 1047 2508 sedem
1071 2449 1106 2507 in
1129 2447 1251 2509 fabulis
1275 2448 1399 2509 habent
1422 2451 1504 2511 eius·

173 2585 175 2622 ;
260 2560 363 2619 modi
394 2561 588 2622 certamina.
622 2561 737 2622 Solent
768 2560 840 2621 fleri
870 2565 942 2622 anic
972 2562 1058 2622 chori
1079 2563 1329 2638 interlusicncrn,
1356 2565 1413 2624 sed
1432 2567 1504 2639 posi

260 2673 364 2734 illam
400 2671 439 2734 iit
473 2676 640 2736 certamen
669 2677 704 2736 in
735 2675 950 2736 Nubibus-
974 2691 1060 2751 quae
1089 2676 1201 2737 fabula
1232 2678 1333 2738 etlam
1361 2677 1504 2738 alterum

262 2788 347 2848 dein
383 2788 485 2849 habet
519 2792 689 2850 certamen
713 2793 814 2851 —et
848 2791 882 2849 in
913 2790 1030 2865 Ranis,
1063 2791 1097 2850 in
1128 2790 1303 2864 Equitibus
1334 2792 1446 2851 autem
1472 2794 1506 2852 et

172 2931 174 2934 <
263 2904 350 2961 ante
374 2905 409 2962 et
431 2904 507 2977 post
524 2903 779 2964 interlusionem
800 2906 945 2964 certatur
965 2907 999 2963 et
1018 2904 1081 2963 sub
1100 2902 1202 2966 finem
1222 2905 1356 2965 demum
1374 2904 1505 2965 fabulae

263 3017 308 3076 ad
339 3017 471 3076 exitum
498 3020 666 3079 certamen
692 3017 875 3080 deducitur.
903 3019 1076 3079 Interdum
1105 3019 1226 3080 chorus
1253 3021 1287 3080 et
1306 3020 1442 3080 aberam
1466 3019 1506 3080 ad

173 3192 174 3197 ,
262 3131 476 3204 spectatores
509 3132 609 3192 habet
642 3132 890 3214 allocutionem,
926 3133 1117 3208 anapaestis
1151 3135 1265 3195 tamen
1299 3133 1505 3194 tetrametris

173 3274 174 3311 3
265 3246 454 3305 carentem.
488 3245 526 3306 In
560 3247 746 3321 Lysistrata
780 3247 1007 3307 interlusionis
1041 3247 1112 3308 loco
1147 3249 1199 3307 est
1228 3248 1505 3308 hemichoriorum

265 3361 458 3434 contentio;
479 3361 513 3420 in
531 3361 633 3421 Ranis
652 3361 826 3422 interlusio
850 3361 1002 3422 bifariam
1027 3363 1078 3422 est
1100 3363 1256 3438 diremta,
1279 3363 1368 3437 prior
1391 3364 1505 3423 autem

172 3504 178 3542 ;
265 3489 350 3549 pars
381 3474 535 3535 cohaeret
566 3490 641 3535 cum
673 3474 773 3536 rebus
803 3490 887 3549 quae
918 3478 1071 3552 aguntur,
1103 3475 1275 3536 interlusio
1304 3477 1405 3550 igitur
1435 3477 1505 3538 iure

172 3632 175 3657 ἶ
266 3587 335 3647 dici
359 3588 489 3665 nequit3
513 3589 549 3647 in
571 3588 810 3649 Ecclesiazusie
833 3589 922 3649 etin
946 3588 1041 3649 Pluto
1065 3590 1239 3650 interlusio
1263 3590 1363 3650 nulla.

174 3766 178 3772 ,
314 3699 444 3762 Chorus
478 3703 512 3762 in
546 3703 654 3777 priore
687 3703 875 3764 fabularum
913 3706 1009 3778 parte
1044 3703 1175 3778 egregie
1210 3703 1358 3763 defendit
1392 3707 1504 3778 partes

173 3882 175 3887 s
266 3817 406 3892 actoris,
431 3817 536 3876 immo
560 3819 611 3877 tot
635 3820 783 3877 actorum
809 3819 888 3891 quot
912 3819 989 3876 sunt
1013 3818 1201 3878 choreutae.
1224 3817 1339 3893 Quint
1360 3818 1504 3892 primum

176 3997 179 4001 ⁷
267 3929 465 4003 prodierunt
487 3931 521 3990 in
545 3931 766 4007 orchestram,
792 3930 889 3991 rebus
913 3946 949 3991 se
973 3932 1168 3992 immiscent
1193 3935 1344 4007 strenue,
1375 3931 1506 3992 histrio·

174 4091 181 4118 s
269 4058 333 4102 nes
365 4044 399 4103 vi
427 4044 594 4118 minisque
625 4044 733 4105 adorti
763 4044 816 4103 vel
840 4045 943 4104 etiam
970 4078 1009 4087 —
1035 4047 1073 4104 ut
1097 4042 1135 4103 fit
1157 4045 1191 4104 in
1215 4045 1298 4104 Pace
1322 4045 1437 4108 fabula
1463 4081 1502 4090 -

269 4171 448 4217 commune
483 4157 615 4231 aliquod
649 4158 825 4218 consilium
857 4173 932 4218 cum
965 4158 1007 4217 iis
1038 4160 1259 4232 exequentem
1292 4160 1504 4235 excipiendae

269 4273 353 4330 sunt
387 4270 500 4331 Ranae
535 4274 569 4332 et
600 4272 719 4332 Plutus
750 4272 896 4348 fabulae,
929 4287 1070 4346 quarum
1101 4271 1209 4332 altera
1240 4272 1339 4333 choro
1368 4275 1503 4335 tantum

269 4400 338 4447 non
374 4401 510 4461 prorsus
545 4389 648 4462 caret,
681 4386 786 4448 altera
816 4386 917 4448 habet
940 4387 1074 4460 quidem
1097 4386 1235 4446 chorum
1259 4387 1317 4447 sed
1341 4392 1502 4463 spectato-

273 4575 494 4584 -——-.

306 4703 326 4766 l)
344 4708 459 4755 Fabulae
476 4722 538 4768 pars
555 4723 595 4770 aa,
613 4722 680 4768 quae
698 4711 739 4757 est
756 4714 817 4771 post
831 4712 952 4758 ultimum
967 4712 1041 4758 chori
1057 4713 1198 4768 canticum,
1211 4715 1266 4760 iota
1281 4712 1366 4762 exitus
1377 4713 1504 4761 dioiaolet

272 4788 378 4834 nomina
396 4788 483 4834 minua
500 4791 572 4848 apto.

305 4862 325 4930 ²)
344 4867 405 4915 Sine
423 4869 501 4914 cantu
515 4865 546 4918 st
555 4868 740 4916 choreutarum
754 4867 881 4918 introitus
898 4867 927 4916 in
942 4857 1221 4931 Thesmophoriaausia
1231 4875 1258 4918 et
1271 4872 1297 4918 in
1307 4873 1505 4920 Eeoleeiaauais.
