4067 5950
553 756 620 817 250
1033 774 1075 821 nr
1098 773 1305 821 inuruntur

552 960 628 1008 rum
669 948 781 1024 potius
821 966 922 1024 quam
961 954 1113 1014 actorum
1147 950 1254 1013 officio
1288 950 1491 1028 fungentem.
1528 952 1566 1013 In
1600 952 1776 1027 'posteriore

551 1060 738 1123 tabularum
770 1066 877 1142 parts,
910 1080 994 1139 quae
1020 1065 1099 1127 olim
1123 1066 1207 1126 satis
1230 1065 1327 1126 exilis
1353 1065 1457 1127 luisse
1481 1066 1613 1127 videtur
1635 1081 1694 1127 nee
1718 1066 1777 1127 nisi

552 1176 678 1238 sensim
721 1179 912 1241 excrevisse
952 1180 987 1240 in
1030 1194 1105 1240 sam
1147 1193 1247 1253 quam
1287 1193 1329 1240 ex
1364 1179 1597 1255 Aristophanis
1631 1180 1777 1255 operibus

552 1290 710 1351 novimus
738 1291 994 1367 amplitudinem
1024 1292 1226 1369 speciosam,
1251 1292 1447 1369 placidiores
1470 1308 1571 1368 quam
1596 1295 1694 1354 antea
1718 1296 1778 1353 sta·

551 1402 752 1479 hilioresqus
787 1419 823 1466 ss
859 1407 1030 1482 praestant
1065 1406 1261 1482 choreutae;
1294 1422 1352 1483 par
1384 1421 1495 1469 rerum
1526 1421 1611 1480 quas
1640 1409 1780 1483 aguntur

552 1517 732 1580 intervalla
760 1523 884 1581 canunt
913 1521 1133 1597 saltandoque
1156 1521 1287 1583 cantica
1313 1522 1531 1584 comitantur:
1555 1522 1595 1582 ab
1619 1522 1780 1583 histrioni·

552 1630 615 1690 bus
646 1646 681 1691 sa
712 1632 893 1696 abstinent.
924 1634 1019 1695 Unus
1042 1636 1110 1697 dux
1132 1635 1224 1697 chori
1246 1650 1352 1709 usque
1376 1635 1417 1696 ad
1441 1634 1628 1697 tabularum
1652 1637 1778 1697 exitum

552 1744 732 1807 identidem
756 1762 833 1808 cum
857 1748 1025 1809 actoribus
1048 1749 1254 1827 colloquitur,
1287 1750 1495 1825 disputantes
1519 1750 1721 1826 adhortatur,
1744 1749 1779 1808 de

552 1872 666 1920 eorum
697 1860 905 1922 orationibus
934 1876 995 1924 suo
1017 1863 1246 1937 sodaliumque
1270 1864 1403 1926 nomine
1426 1864 1629 1926 sententiam
1653 1864 1718 1924 fert
1741 1897 1777 1906 -

552 1972 650 2048 plane
672 1976 710 2034 ut
731 1974 766 2035 in
789 1975 952 2037 dramatis
974 1977 1111 2052 tragicis
1134 1977 1220 2039 solet
1242 1976 1325 2040 fieri.

596 2089 768 2166 Actorom,
805 2089 1000 2166 plerumque
1033 2092 1131 2153 choro
1161 2092 1254 2169 prius
1285 2093 1474 2169 oppositum
1498 2096 1598 2168 atque
1621 2093 1779 2167 invisum,

551 2202 627 2263 dein
659 2203 819 2280 amicum,
856 2219 961 2266 unum
993 2208 1083 2268 certe
1114 2206 1224 2268 omnis
1255 2208 1355 2268 hahet
1379 2207 1561 2283 comoedia,
1586 2222 1648 2269 nec
1671 2206 1779 2282 plures

551 2315 694 2377 habuere
716 2316 848 2379 tabulae
872 2318 1137 2383 vetustissimae.
1169 2319 1290 2381 Postea
1313 2322 1347 2380 et
1369 2320 1454 2381 aliae
1477 2335 1649 2381 accessere
1672 2334 1779 2395 perso-

552 2443 630 2504 nae,
661 2445 801 2504 quarum
832 2434 945 2507 partes
976 2435 1093 2507 poetae
1124 2433 1172 2493 lta
1194 2435 1274 2494 sunt
1297 2434 1458 2494 moderati
1481 2436 1518 2495 ut
1541 2433 1625 2494 alter
1648 2433 1779 2507 quidam

553 2543 670 2605 histrio
701 2545 742 2605 ad
774 2560 832 2606 eas
863 2559 980 2606 omnss
1008 2546 1153 2620 agendas
1183 2546 1359 2608 sufficeret.
1384 2547 1474 2608 'Palis
1496 2548 1565 2609 iere
1588 2549 1641 2607 est
1663 2546 1779 2607 Achar-

553 2672 662 2717 ucuscs
690 2658 815 2736 tabula,
849 2674 933 2733 quae
962 2660 998 2719 in
1028 2675 1094 2721 uno
1117 2658 1346 2736 Dicaeopollds
1368 2663 1502 2721 tantum
1526 2676 1594 2721 non
1616 2662 1689 2721 tota
1712 2674 1776 2720 ver·

553 2771 652 2845 titur,
678 2772 780 2833 etiam
799 2773 900 2834 tertio
920 2774 1018 2834 elicui
1038 2774 1143 2835 actori
1157 2775 1256 2849 poeta
1273 2775 1308 2834 in
1328 2791 1367 2835 ea
1388 2775 1504 2837 tribuit
1523 2776 1635 2849 partes
1654 2773 1779 2848 aliquas

554 2886 766 2963 perexiguas,
789 2890 824 2948 et
847 2889 930 2949 duos
951 2891 1124 2964 praeterea
1147 2888 1238 2950 viros
1261 2889 1407 2963 duosque
1437 2903 1558 2964 pueros
1580 2887 1777 2962 introduxit,

554 2998 610 3072 qui
632 3014 846 3079 praeconem,
868 3002 993 3064 falsum
1017 3003 1180 3080 legatum,
1205 2999 1374 3078 puellulas
1390 3004 1574 3078 Megaricae
1595 3016 1661 3062 non
1684 3001 1779 3076 plane

553 3113 648 3173 taciti
671 3116 821 3193 agerent,
845 3116 903 3176 vix
924 3118 1038 3177 tamen
1063 3117 1152 3191 digni
1175 3118 1230 3190 qui
1252 3119 1392 3191 quartus
1414 3118 1550 3190 quintus
1573 3117 1691 3176 sextus
1711 3129 1779 3188 sep·

554 3226 659 3288 timus
681 3233 879 3291 vocarentur
898 3234 1037 3292 actores.
1059 3232 1097 3293 In
1116 3231 1265 3292 Nubibus
1286 3245 1363 3292 vsro
1383 3231 1491 3306 quarti
1510 3231 1631 3292 actoris
1650 3230 1779 3289 Iustum

555 3343 728 3406 Oratorem
749 3346 879 3420 agentis
898 3348 979 3406 sunt
995 3347 1106 3421 partes
1125 3345 1238 3422 magni
1257 3346 1428 3406 momenti.
1442 3346 1480 3405 In
1491 3344 1656 3419 plerisque
1667 3345 1780 3404 autem

553 3458 674 3519 fabulis
704 3460 836 3533 praeter
865 3475 1024 3534 personas
1053 3461 1166 3520 mutas
1188 3461 1222 3519 in
1244 3459 1415 3534 proscenio
1427 3460 1508 3519 tres
1530 3457 1631 3518 simul
1653 3459 1781 3518 actores

554 3587 653 3647 saepe
676 3574 810 3650 adsunt,
836 3576 868 3636 et
892 3575 926 3634 in
949 3573 1053 3634 Ranis
1074 3575 1143 3636 tres
1166 3569 1345 3633 histriones
1370 3573 1499 3646 egregio
1521 3572 1620 3647 periti
1642 3572 1780 3644 require·

554 3686 673 3748 bantur
691 3687 732 3747 ad
750 3686 887 3762 Dionysi
906 3687 1064 3762 Aeschyli
1083 3686 1247 3762 Euripidis
1266 3689 1378 3762 partes
1401 3688 1476 3761 apte
1500 3685 1692 3746 reddendas.

598 3877 812 3989 Singularum
836 3915 1021 3975 fabularum
1047 3914 1269 3990 superstitum
1291 3915 1374 3975 haec
1397 3915 1450 3973 est
1472 3915 1641 3974 structura
1658 3907 1695 3982 ll:

1012 4122 1322 4176 ACHARNENSES.

582 4263 604 4317 l.
621 4263 764 4316 Praefatio
781 4261 911 4329 (1-h03).

688 4353 898 4423 Dicaeopolidis
916 4353 1098 4422 soliloquium
1118 4352 1230 4421 (1-42).

690 4446 795 4500 Concio
812 4445 933 4500 habetur
949 4447 1097 4514 (ts-173).

690 4535 790 4590 Pacem
808 4555 870 4590 cum
888 4537 1120 4592 Lacedaemoniis
1138 4535 1317 4605 Dicaeopolis
1336 4534 1390 4588 init
1407 4533 1486 4588 solus
1504 4531 1667 4600 (lli-uls).

622 4629 778 4683 Introitus
794 4629 880 4684 chori
897 4628 1064 4697 (iili—till).

590 4856 610 4919 ¹)
627 4859 667 4906 Ad
685 4858 781 4908 chorum
799 4873 867 4920 quas
884 4861 1015 4920 pertinent
1033 4860 1125 4908 litteris
1140 4860 1268 4908 inclinatis
1285 4864 1346 4907 sunt
1362 4872 1466 4906 excuss.
