4067 5950
682 826 725 871 111
747 825 856 872 rrxru
878 826 1032 872 11111111.
1405 810 1470 873 315

282 999 450 1061 Librarius
493 999 573 1062 allia
613 998 716 1061 'lenia
756 1000 852 1062 norat
895 998 1051 1076 tortasse,
1089 996 1270 1061 8111111111
1309 998 1471 1059 sollemne

241 1128 374 1190 prorsus
415 1113 602 1191 ignorabat,
646 1115 758 1188 itaque
800 1114 977 1175 accedente
1018 1113 1239 1175 similitudine
1283 1113 1473 1174 litterarum

240 1245 260 1306 ς
282 1228 317 1287 et
339 1247 354 1286 τ
377 1228 493 1289 omisit
515 1228 644 1303 sigma3
668 1241 768 1303 quam
791 1227 938 1289 litteram
961 1226 1098 1303 praebet
1120 1226 1281 1289 scholion.

327 1340 462 1404 Thesm.
487 1342 565 1403 910.

461 1453 519 1538 ἐγὼ
543 1451 577 1516 ll
600 1452 821 1517 Μενέλαον·
846 1454 916 1516 ὅσα
940 1448 964 1534 γ’
990 1451 1024 1514 ἐκ
1046 1462 1107 1514 τῶν
1130 1451 1280 1530 ἀφύων.

240 1570 279 1630 Et
301 1569 389 1645 prior
411 1585 490 1646 pars
514 1570 614 1633 buius
637 1586 755 1633 versus
777 1570 915 1647 gravius
937 1570 989 1631 est
1011 1568 1143 1646 affecta,
1169 1572 1202 1630 et
1226 1565 1338 1644 ἀφύων
1360 1570 1473 1643 aperte
1535 1586 1538 1595 ·

242 1687 291 1745 est
324 1683 496 1761 vitiosum,
532 1687 687 1761 superest
720 1686 836 1746 autem
871 1683 904 1745 ld
934 1683 1020 1757 quod
1051 1687 1200 1744 metrum
1232 1684 1266 1743 et
1294 1684 1473 1744 contextus

241 1800 391 1874 flagitant
411 1793 513 1873 ἰφύων
534 1800 619 1875 apud
641 1799 776 1861 suidam
798 1800 883 1861 etin
904 1798 1051 1860 scholiis.
1068 1798 1311 1860 Poetavidetur
1324 1797 1474 1859 dedisse:

484 1910 541 1995 tyb
566 1909 600 1973 ol
623 1911 811 1998 Μενέλεῴ
835 1928 875 1973 σε
898 1922 945 1998 τῷ
970 1910 1003 1973 ἐκ
1025 1920 1086 1972 τῶν
1109 1911 1248 1988 ἰφύων.

328 2027 462 2089 Thesm.
489 2027 588 2089 1041.

462 2140 693 2220 πολυδάκρυτον
717 2139 797 2201 Ἀίδα
820 2139 894 2220 γόον
917 2138 1161 2221 φεύγουσαν.

244 2254 381 2331 Egregia
405 2256 458 2316 est
482 2254 664 2329 liusgravii
688 2253 894 2315 emendatio:
919 2251 1156 2333 φλέγουσαν.

329 2370 464 2431 11111111.
491 2369 588 2430 1047.

418 2482 453 2544 ld
479 2485 555 2559 [μοι]
579 2482 686 2563 μοίρας
711 2479 893 2543 &virture
917 2481 1036 2560 δαίμων
1055 2477 1090 2562 ¹).

245 2597 311 2658 Non
336 2599 449 2659 minus
472 2601 647 2674 praestans
671 2600 723 2659 est
745 2597 888 2659 Zanettil
912 2598 1088 2661 correctio:
1114 2594 1281 2678 ἄτεγκτε.

328 2712 464 2774 Thesm.
491 2713 588 2776 1174.

461 2836 582 2904 πρῶτον
605 2822 660 2904 μὶν
684 2817 741 2887 οὖν
766 2826 869 2888 δίελθε
892 2823 944 2885 καὶ
965 2823 1259 2887 ἆνυκόλπασου.

287 2940 416 3015 Optime
447 2937 737 3001 &vendicares
767 2941 953 3018 Hermann,
985 2942 1175 3004 coniectura
1201 2943 1314 3017 sagaci
1344 2942 1472 3005 rarissi-

246 3067 332 3114 mum
366 3056 428 3116 boc
462 3057 602 3116 cubandi
634 3055 770 3117 verbum
802 3057 996 3117 restituens.
1022 3056 1127 3133 Quam
1151 3057 1377 3118 coniecturam
1401 3073 1471 3118 con·

246 3163 385 3229 firmavit
415 3169 515 3231 lexici
541 3169 652 3232 Photii
682 3185 759 3245 pars
783 3185 888 3246 nuper
910 3173 1053 3246 reperta,
1079 3170 1135 3231 ubi
1159 3171 1246 3232 inter
1268 3174 1394 3247 poetas,
1419 3171 1475 3246 qui

245 3285 337 3345 verbo
356 3283 578 3356 ἀνακαιπάζειν
594 3285 647 3345 usi
667 3287 750 3359 sint,
763 3287 1048 3346 commemoratur
1060 3285 1312 3362 Aristophanes.
1325 3283 1473 3346 Librario

246 3400 351 3459 nostro
373 3398 526 3460 fraudem
550 3397 630 3458 iecit
652 3397 763 3458 notior
786 3412 854 3458 vox
877 3396 998 3469 κόλπος.

285 3511 419 3573 Minoris
449 3511 614 3572 momenti
643 3524 705 3573 nec
735 3513 849 3571 tamen
877 3511 991 3572 minus
1013 3513 1147 3587 apertus
1170 3513 1223 3571 est
1244 3510 1474 3572 huiuscemodi

249 3639 330 3686 error
352 3625 438 3686 Plut.
467 3626 563 3700 1085,
588 3624 644 3685 ubi
667 3623 696 3683 R
720 3624 801 3684 baec
824 3624 975 3699 praebet:

462 3737 607 3798 eburnei
630 3758 723 3798 ποτε
747 3734 810 3797 ἐστί
831 3754 881 3798 σοι
904 3736 956 3798 καὶ
979 3736 1036 3815 τὴν
1059 3737 1162 3818 τρύγα.

249 3851 361 3915 Verum
383 3857 538 3929 superest
559 3854 593 3913 in
618 3853 664 3914 V:

464 3957 716 4029 συνεκποτέ’(

288 4197 424 4259 Litteras
453 4212 555 4259 sensu
586 4198 739 4258 carentes
770 4197 804 4256 in
834 4195 863 4254 V
894 4199 928 4256 et
956 4197 991 4256 in
1022 4196 1050 4257 R
1080 4197 1134 4258 bic
1164 4197 1233 4259 illic
1260 4197 1371 4260 videre
1402 4203 1470 4274 est:

253 4323 275 4370 e.
295 4328 324 4386 g.
345 4311 373 4372 V
396 4312 472 4374 Pac.
496 4312 636 4388 hypotb.
660 4313 695 4372 in
718 4310 801 4372 fine:
830 4304 922 4386 ἡνίκα
952 4308 1074 4389 ἕρμῆν
1105 4312 1351 4391 λοιοκρότης.
1383 4314 1471 4390 Quae

253 4427 401 4494 quomodo
425 4426 564 4500 legenda
587 4426 656 4486 sint
679 4440 745 4486 non
769 4424 883 4499 liquet.

289 4539 409 4599 Ibidem
441 4540 475 4599 in
507 4541 708 4613 argumento
737 4539 877 4599 metrico
905 4538 1094 4613 ingentibus
1118 4539 1244 4601 scilicet
1266 4539 1388 4601 litteris
1412 4541 1472 4602 ele-

255 4655 357 4722 genter
376 4661 514 4714 exarato
535 4668 613 4713 cum
637 4651 722 4713 aliae
745 4652 959 4727 reperiuntur
980 4653 1097 4714 sordes
1120 4656 1193 4714 tum
1217 4653 1318 4714 baec:
1342 4654 1381 4714 τὸ
1404 4651 1472 4731 pil

283 4905 352 4973 1)01,
369 4926 428 4973 pag.
447 4915 507 4961 289.
