<?xml version="1.0" encoding="UTF-8"?>
<!DOCTYPE html PUBLIC "-//W3C//DTD XHTML 1.0 Transitional//EN"
    "http://www.w3.org/TR/xhtml1/DTD/xhtml1-transitional.dtd">
<html xmlns="http://www.w3.org/1999/xhtml" xml:lang="en" lang="en">
 <head>
  <title>
</title>
<meta http-equiv="Content-Type" content="text/html;charset=utf-8" />
  <meta name='ocr-system' content='tesseract 3.04.00' />
  <meta name='ocr-capabilities' content='ocr_page ocr_carea ocr_par ocr_line ocrx_word'/>
</head>
<body>
  <div class='ocr_page' id='page_1' title='image "./prolegomenaadar01unkngoog/prolegomenaadar01unkngoog_0178.png"; bbox 0 0 4067 5950; ppageno 0'>
   <div class='ocr_carea' id='block_1_1' title="bbox 561 774 1448 837">
    <p class='ocr_par' dir='ltr' id='par_1_1' title="bbox 561 774 1448 837">
     <span class='ocr_line' id='line_1_1' title="bbox 561 774 1448 837; baseline 0.003 -3"><span class='ocrx_word' id='word_1_1' title='bbox 561 774 624 835; x_wconf 82' lang='grc'>166</span> <span class='ocrx_word' id='word_1_2' title='bbox 900 789 943 833; x_wconf 74' lang='lat' dir='ltr'>DE</span> <span class='ocrx_word' id='word_1_3' title='bbox 966 788 1091 834; x_wconf 63' lang='lat' dir='ltr'>POETA!</span> <span class='ocrx_word' id='word_1_4' title='bbox 1115 788 1194 832; x_wconf 74' lang='lat' dir='ltr'>vina</span> <span class='ocrx_word' id='word_1_5' title='bbox 1218 789 1257 834; x_wconf 71' lang='grc' dir='ltr'>ΕΤ</span> <span class='ocrx_word' id='word_1_6' title='bbox 1280 789 1448 837; x_wconf 69' lang='lat' dir='ltr'>cenninus.</span> 
     </span>
    </p>
   </div>
   <div class='ocr_carea' id='block_1_2' title="bbox 465 961 1796 4564">
    <p class='ocr_par' dir='ltr' id='par_1_2' title="bbox 558 961 1780 1136">
     <span class='ocr_line' id='line_1_2' title="bbox 558 961 1780 1040; baseline 0 -18"><span class='ocrx_word' id='word_1_7' title='bbox 558 961 633 1022; x_wconf 87' lang='lat' dir='ltr'>eilia</span> <span class='ocrx_word' id='word_1_8' title='bbox 657 962 824 1036; x_wconf 87' lang='lat' dir='ltr'>vicerunt;</span> <span class='ocrx_word' id='word_1_9' title='bbox 857 961 1043 1037; x_wconf 64' lang='lat' dir='ltr'>„emnerii</span> <span class='ocrx_word' id='word_1_10' title='bbox 1073 961 1186 1022; x_wconf 82' lang='lat' dir='ltr'>anrei&#39;·</span> <span class='ocrx_word' id='word_1_11' title='bbox 1217 975 1355 1038; x_wconf 90' lang='lat' dir='ltr'>scopum</span> <span class='ocrx_word' id='word_1_12' title='bbox 1379 962 1561 1038; x_wconf 79' lang='lat' dir='ltr'>tetigerunt</span> <span class='ocrx_word' id='word_1_13' title='bbox 1582 964 1720 1040; x_wconf 88' lang='lat' dir='ltr'>tandem,</span> <span class='ocrx_word' id='word_1_14' title='bbox 1742 965 1780 1024; x_wconf 89' lang='lat' dir='ltr'>et</span> 
     </span>
     <span class='ocr_line' id='line_1_3' title="bbox 560 1074 879 1136; baseline 0.003 -1"><span class='ocrx_word' id='word_1_15' title='bbox 560 1077 597 1135; x_wconf 90' lang='lat' dir='ltr'>ut</span> <span class='ocrx_word' id='word_1_16' title='bbox 620 1077 673 1136; x_wconf 89' lang='lat' dir='ltr'>est</span> <span class='ocrx_word' id='word_1_17' title='bbox 695 1075 730 1136; x_wconf 92' lang='lat' dir='ltr'>in</span> <span class='ocrx_word' id='word_1_18' title='bbox 752 1074 879 1136; x_wconf 80' lang='lat' dir='ltr'>tabula:</span> 
     </span>
    </p>

    <p class='ocr_par' dir='ltr' id='par_1_3' title="bbox 764 1187 1578 1265">
     <span class='ocr_line' id='line_1_4' title="bbox 764 1187 1578 1265; baseline 0 -15"><span class='ocrx_word' id='word_1_19' title='bbox 764 1188 935 1265; x_wconf 81' lang='lat' dir='ltr'>„Muribus</span> <span class='ocrx_word' id='word_1_20' title='bbox 958 1189 1032 1250; x_wconf 88' lang='lat' dir='ltr'>erat</span> <span class='ocrx_word' id='word_1_21' title='bbox 1054 1187 1114 1249; x_wconf 88' lang='lat' dir='ltr'>lis:</span> <span class='ocrx_word' id='word_1_22' title='bbox 1140 1188 1301 1250; x_wconf 75' lang='lat' dir='ltr'><strong>arbitram</strong></span> <span class='ocrx_word' id='word_1_23' title='bbox 1323 1188 1422 1251; x_wconf 81' lang='lat' dir='ltr'>felem</span> <span class='ocrx_word' id='word_1_24' title='bbox 1445 1188 1578 1264; x_wconf 76' lang='lat' dir='ltr'>legunt3</span> 
     </span>
    </p>

    <p class='ocr_par' dir='ltr' id='par_1_4' title="bbox 761 1302 1548 1379">
     <span class='ocr_line' id='line_1_5' title="bbox 761 1302 1548 1379; baseline 0.004 -17"><span class='ocrx_word' id='word_1_25' title='bbox 761 1302 907 1379; x_wconf 76' lang='lat' dir='ltr'>,Ambos</span> <span class='ocrx_word' id='word_1_26' title='bbox 931 1302 1076 1364; x_wconf 87' lang='lat' dir='ltr'>vorando</span> <span class='ocrx_word' id='word_1_27' title='bbox 1098 1302 1179 1364; x_wconf 85' lang='lat' dir='ltr'>tecit</span> <span class='ocrx_word' id='word_1_28' title='bbox 1201 1303 1284 1364; x_wconf 89' lang='lat' dir='ltr'>haec</span> <span class='ocrx_word' id='word_1_29' title='bbox 1306 1303 1548 1365; x_wconf 88' lang='lat' dir='ltr'>concordiam”.</span> 
     </span>
    </p>

    <p class='ocr_par' dir='ltr' id='par_1_5' title="bbox 556 1415 1780 1606">
     <span class='ocr_line' id='line_1_6' title="bbox 602 1415 1780 1493; baseline 0.001 -16"><span class='ocrx_word' id='word_1_30' title='bbox 602 1416 768 1477; x_wconf 81' lang='lat' dir='ltr'>Devorata</span> <span class='ocrx_word' id='word_1_31' title='bbox 801 1416 933 1490; x_wconf 90' lang='lat' dir='ltr'>quidem</span> <span class='ocrx_word' id='word_1_32' title='bbox 968 1415 1041 1477; x_wconf 90' lang='lat' dir='ltr'>sola</span> <span class='ocrx_word' id='word_1_33' title='bbox 1075 1419 1127 1476; x_wconf 89' lang='lat' dir='ltr'>est</span> <span class='ocrx_word' id='word_1_34' title='bbox 1157 1431 1215 1477; x_wconf 90' lang='lat' dir='ltr'>cra</span> <span class='ocrx_word' id='word_1_35' title='bbox 1245 1416 1359 1492; x_wconf 87' lang='lat' dir='ltr'>Asiae,</span> <span class='ocrx_word' id='word_1_36' title='bbox 1390 1417 1449 1478; x_wconf 89' lang='lat' dir='ltr'>sed</span> <span class='ocrx_word' id='word_1_37' title='bbox 1478 1417 1542 1493; x_wconf 90' lang='lat' dir='ltr'>ipsi</span> <span class='ocrx_word' id='word_1_38' title='bbox 1572 1417 1718 1478; x_wconf 78' lang='lat' dir='ltr'>Graeciae</span> <span class='ocrx_word' id='word_1_39' title='bbox 1737 1418 1780 1478; x_wconf 91' lang='lat' dir='ltr'>de</span> 
     </span>
     <span class='ocr_line' id='line_1_7' title="bbox 556 1528 1294 1606; baseline -0.001 -15"><span class='ocrx_word' id='word_1_40' title='bbox 556 1529 698 1606; x_wconf 88' lang='lat' dir='ltr'>pristina</span> <span class='ocrx_word' id='word_1_41' title='bbox 720 1532 887 1605; x_wconf 84' lang='lat' dir='ltr'>potestate</span> <span class='ocrx_word' id='word_1_42' title='bbox 910 1528 1109 1603; x_wconf 87' lang='lat' dir='ltr'>quantulum</span> <span class='ocrx_word' id='word_1_43' title='bbox 1130 1528 1294 1591; x_wconf 86' lang='lat' dir='ltr'>restabat!</span> 
     </span>
    </p>

    <p class='ocr_par' dir='ltr' id='par_1_6' title="bbox 603 1643 1783 1721">
     <span class='ocr_line' id='line_1_8' title="bbox 603 1643 1783 1721; baseline -0.001 -17"><span class='ocrx_word' id='word_1_44' title='bbox 603 1645 705 1704; x_wconf 86' lang='lat' dir='ltr'>Poeta</span> <span class='ocrx_word' id='word_1_45' title='bbox 728 1644 839 1704; x_wconf 89' lang='lat' dir='ltr'>autem</span> <span class='ocrx_word' id='word_1_46' title='bbox 864 1645 978 1704; x_wconf 90' lang='lat' dir='ltr'>noster</span> <span class='ocrx_word' id='word_1_47' title='bbox 1000 1643 1079 1716; x_wconf 85' lang='lat' dir='ltr'>quid</span> <span class='ocrx_word' id='word_1_48' title='bbox 1104 1644 1207 1705; x_wconf 86' lang='lat' dir='ltr'>etiam</span> <span class='ocrx_word' id='word_1_49' title='bbox 1231 1658 1364 1720; x_wconf 90' lang='lat' dir='ltr'>sperare</span> <span class='ocrx_word' id='word_1_50' title='bbox 1386 1645 1509 1721; x_wconf 89' lang='lat' dir='ltr'>potuit,</span> <span class='ocrx_word' id='word_1_51' title='bbox 1533 1646 1610 1718; x_wconf 89' lang='lat' dir='ltr'>quid</span> <span class='ocrx_word' id='word_1_52' title='bbox 1633 1644 1783 1720; x_wconf 78' lang='lat' dir='ltr'>diligere?</span> 
     </span>
    </p>

    <p class='ocr_par' dir='ltr' id='par_1_7' title="bbox 602 1758 890 1818">
     <span class='ocr_line' id='line_1_9' title="bbox 602 1758 890 1818; baseline 0 0"><span class='ocrx_word' id='word_1_53' title='bbox 602 1758 720 1818; x_wconf 83' lang='lat' dir='ltr'>Artem</span> <span class='ocrx_word' id='word_1_54' title='bbox 744 1759 778 1817; x_wconf 90' lang='lat' dir='ltr'>et</span> <span class='ocrx_word' id='word_1_55' title='bbox 800 1771 890 1818; x_wconf 90' lang='lat' dir='ltr'>euos.</span> 
     </span>
    </p>

    <p class='ocr_par' dir='ltr' id='par_1_8' title="bbox 556 1869 1790 2969">
     <span class='ocr_line' id='line_1_10' title="bbox 602 1869 1785 1949; baseline -0.002 -18"><span class='ocrx_word' id='word_1_56' title='bbox 602 1870 693 1931; x_wconf 86' lang='lat' dir='ltr'>Duas</span> <span class='ocrx_word' id='word_1_57' title='bbox 716 1871 819 1932; x_wconf 90' lang='lat' dir='ltr'>etiam</span> <span class='ocrx_word' id='word_1_58' title='bbox 839 1869 971 1932; x_wconf 82' lang='lat' dir='ltr'>tabulas</span> <span class='ocrx_word' id='word_1_59' title='bbox 989 1871 1164 1947; x_wconf 86' lang='lat' dir='ltr'>scripsisse</span> <span class='ocrx_word' id='word_1_60' title='bbox 1182 1887 1260 1932; x_wconf 92' lang='lat' dir='ltr'>eum</span> <span class='ocrx_word' id='word_1_61' title='bbox 1277 1871 1479 1949; x_wconf 89' lang='lat' dir='ltr'>accepimus,</span> <span class='ocrx_word' id='word_1_62' title='bbox 1500 1887 1582 1947; x_wconf 87' lang='lat' dir='ltr'>quas</span> <span class='ocrx_word' id='word_1_63' title='bbox 1600 1870 1666 1934; x_wconf 87' lang='lat' dir='ltr'>lilio</span> <span class='ocrx_word' id='word_1_64' title='bbox 1677 1871 1785 1932; x_wconf 90' lang='lat' dir='ltr'>iuveni</span> 
     </span>
     <span class='ocr_line' id='line_1_11' title="bbox 559 1960 1786 2062; baseline 0 -18"><span class='ocrx_word' id='word_1_65' title='bbox 559 1960 699 2045; x_wconf 37' lang='lat' dir='ltr'>Araroti&#39;</span> <span class='ocrx_word' id='word_1_66' title='bbox 724 1984 814 2044; x_wconf 83' lang='lat' dir='ltr'>dedit</span> <span class='ocrx_word' id='word_1_67' title='bbox 844 1984 1019 2045; x_wconf 88' lang='lat' dir='ltr'>docendas.</span> <span class='ocrx_word' id='word_1_68' title='bbox 1047 1985 1129 2060; x_wconf 84' lang='lat' dir='ltr'>Spes</span> <span class='ocrx_word' id='word_1_69' title='bbox 1152 1985 1241 2046; x_wconf 92' lang='lat' dir='ltr'>enim</span> <span class='ocrx_word' id='word_1_70' title='bbox 1266 1986 1296 2047; x_wconf 92' lang='lat' dir='ltr'>el</span> <span class='ocrx_word' id='word_1_71' title='bbox 1320 1988 1392 2046; x_wconf 87' lang='lat' dir='ltr'>erat</span> <span class='ocrx_word' id='word_1_72' title='bbox 1415 2001 1466 2062; x_wconf 83' lang='lat' dir='ltr'>aa,</span> <span class='ocrx_word' id='word_1_73' title='bbox 1492 2000 1574 2059; x_wconf 88' lang='lat' dir='ltr'>quae</span> <span class='ocrx_word' id='word_1_74' title='bbox 1599 1985 1711 2046; x_wconf 86' lang='lat' dir='ltr'>multis</span> <span class='ocrx_word' id='word_1_75' title='bbox 1732 1987 1786 2044; x_wconf 88' lang='lat' dir='ltr'>est</span> 
     </span>
     <span class='ocr_line' id='line_1_12' title="bbox 556 2095 1785 2174; baseline -0.001 -16"><span class='ocrx_word' id='word_1_76' title='bbox 556 2097 718 2174; x_wconf 88' lang='lat' dir='ltr'>patribus,</span> <span class='ocrx_word' id='word_1_77' title='bbox 740 2095 868 2158; x_wconf 67' lang='lat' dir='ltr'>iore‘ut</span> <span class='ocrx_word' id='word_1_78' title='bbox 886 2097 991 2173; x_wconf 90' lang='lat' dir='ltr'>ipsius</span> <span class='ocrx_word' id='word_1_79' title='bbox 1010 2113 1093 2173; x_wconf 93' lang='lat' dir='ltr'>opus</span> <span class='ocrx_word' id='word_1_80' title='bbox 1112 2098 1360 2159; x_wconf 86' lang='lat' dir='ltr'>continuaretur</span> <span class='ocrx_word' id='word_1_81' title='bbox 1380 2096 1497 2160; x_wconf 85' lang='lat' dir='ltr'>atilio.</span> <span class='ocrx_word' id='word_1_82' title='bbox 1518 2099 1581 2159; x_wconf 84' lang='lat' dir='ltr'>Sed</span> <span class='ocrx_word' id='word_1_83' title='bbox 1600 2099 1640 2160; x_wconf 88' lang='lat' dir='ltr'>ad</span> <span class='ocrx_word' id='word_1_84' title='bbox 1657 2098 1785 2159; x_wconf 90' lang='lat' dir='ltr'>irritum</span> 
     </span>
     <span class='ocr_line' id='line_1_13' title="bbox 558 2210 1788 2288; baseline 0 -16"><span class='ocrx_word' id='word_1_85' title='bbox 558 2211 673 2272; x_wconf 90' lang='lat' dir='ltr'>cadere</span> <span class='ocrx_word' id='word_1_86' title='bbox 708 2210 816 2272; x_wconf 90' lang='lat' dir='ltr'>solent</span> <span class='ocrx_word' id='word_1_87' title='bbox 849 2210 1012 2272; x_wconf 87' lang='lat' dir='ltr'>eiusmodi</span> <span class='ocrx_word' id='word_1_88' title='bbox 1047 2212 1308 2288; x_wconf 86' lang='lat' dir='ltr'>expectationes‚</span> <span class='ocrx_word' id='word_1_89' title='bbox 1345 2227 1451 2287; x_wconf 86' lang='lat' dir='ltr'>neque</span> <span class='ocrx_word' id='word_1_90' title='bbox 1486 2211 1715 2288; x_wconf 77' lang='lat' dir='ltr'>Aristophanis</span> <span class='ocrx_word' id='word_1_91' title='bbox 1747 2227 1788 2272; x_wconf 89' lang='lat' dir='ltr'>ea</span> 
     </span>
     <span class='ocr_line' id='line_1_14' title="bbox 557 2324 1787 2400; baseline 0 -15"><span class='ocrx_word' id='word_1_92' title='bbox 557 2339 635 2400; x_wconf 88' lang='lat' dir='ltr'>spes</span> <span class='ocrx_word' id='word_1_93' title='bbox 657 2326 731 2386; x_wconf 88' lang='lat' dir='ltr'>rata</span> <span class='ocrx_word' id='word_1_94' title='bbox 753 2324 817 2386; x_wconf 88' lang='lat' dir='ltr'>init</span> <span class='ocrx_word' id='word_1_95' title='bbox 840 2327 923 2385; x_wconf 91' lang='lat' dir='ltr'>tota.</span> <span class='ocrx_word' id='word_1_96' title='bbox 947 2324 1073 2399; x_wconf 86' lang='lat' dir='ltr'>Nempe</span> <span class='ocrx_word' id='word_1_97' title='bbox 1095 2324 1129 2382; x_wconf 90' lang='lat' dir='ltr'>in</span> <span class='ocrx_word' id='word_1_98' title='bbox 1152 2324 1361 2385; x_wconf 82' lang='lat' dir='ltr'>hereditariis</span> <span class='ocrx_word' id='word_1_99' title='bbox 1379 2326 1473 2386; x_wconf 93' lang='lat' dir='ltr'>bonis</span> <span class='ocrx_word' id='word_1_100' title='bbox 1492 2341 1558 2387; x_wconf 90' lang='lat' dir='ltr'>non</span> <span class='ocrx_word' id='word_1_101' title='bbox 1577 2327 1787 2387; x_wconf 88' lang='lat' dir='ltr'>suntmentis</span> 
     </span>
     <span class='ocr_line' id='line_1_15' title="bbox 559 2437 1786 2516; baseline 0 -17"><span class='ocrx_word' id='word_1_102' title='bbox 559 2453 699 2499; x_wconf 90' lang='lat' dir='ltr'>acumen</span> <span class='ocrx_word' id='word_1_103' title='bbox 728 2441 762 2498; x_wconf 87' lang='lat' dir='ltr'>et</span> <span class='ocrx_word' id='word_1_104' title='bbox 783 2437 908 2512; x_wconf 79' lang='lat' dir='ltr'>ingenii</span> <span class='ocrx_word' id='word_1_105' title='bbox 930 2437 1117 2498; x_wconf 86' lang='lat' dir='ltr'>mobilitas:</span> <span class='ocrx_word' id='word_1_106' title='bbox 1143 2470 1183 2480; x_wconf 99' lang='lat'>-</span> <span class='ocrx_word' id='word_1_107' title='bbox 1207 2439 1362 2500; x_wconf 90' lang='lat' dir='ltr'>Ararotis</span> <span class='ocrx_word' id='word_1_108' title='bbox 1383 2439 1512 2501; x_wconf 80' lang='lat' dir='ltr'>tabulas</span> <span class='ocrx_word' id='word_1_109' title='bbox 1535 2455 1653 2516; x_wconf 90' lang='lat' dir='ltr'>parum</span> <span class='ocrx_word' id='word_1_110' title='bbox 1671 2454 1786 2500; x_wconf 88' lang='lat' dir='ltr'>venus·</span> 
     </span>
     <span class='ocr_line' id='line_1_16' title="bbox 562 2551 1787 2629; baseline -0.001 -16"><span class='ocrx_word' id='word_1_111' title='bbox 562 2554 616 2613; x_wconf 88' lang='lat' dir='ltr'>tas</span> <span class='ocrx_word' id='word_1_112' title='bbox 649 2552 774 2613; x_wconf 87' lang='lat' dir='ltr'>duxere</span> <span class='ocrx_word' id='word_1_113' title='bbox 807 2551 913 2625; x_wconf 90' lang='lat' dir='ltr'>cives;</span> <span class='ocrx_word' id='word_1_114' title='bbox 937 2553 972 2611; x_wconf 90' lang='lat' dir='ltr'>et</span> <span class='ocrx_word' id='word_1_115' title='bbox 993 2552 1170 2626; x_wconf 85' lang='lat' dir='ltr'>postquam</span> <span class='ocrx_word' id='word_1_116' title='bbox 1193 2554 1287 2626; x_wconf 88' lang='lat' dir='ltr'>pater</span> <span class='ocrx_word' id='word_1_117' title='bbox 1309 2554 1362 2613; x_wconf 86' lang='lat' dir='ltr'>est</span> <span class='ocrx_word' id='word_1_118' title='bbox 1382 2556 1550 2629; x_wconf 88' lang='lat' dir='ltr'>mortuus,</span> <span class='ocrx_word' id='word_1_119' title='bbox 1574 2554 1608 2614; x_wconf 91' lang='lat' dir='ltr'>in</span> <span class='ocrx_word' id='word_1_120' title='bbox 1631 2553 1787 2616; x_wconf 90' lang='lat' dir='ltr'>oblivium</span> 
     </span>
     <span class='ocr_line' id='line_1_17' title="bbox 562 2662 1790 2741; baseline -0.001 -15"><span class='ocrx_word' id='word_1_121' title='bbox 562 2666 688 2726; x_wconf 91' lang='lat' dir='ltr'>sensim</span> <span class='ocrx_word' id='word_1_122' title='bbox 721 2665 776 2726; x_wconf 91' lang='lat' dir='ltr'>ille</span> <span class='ocrx_word' id='word_1_123' title='bbox 806 2664 901 2741; x_wconf 83' lang='lat' dir='ltr'>abiit,</span> <span class='ocrx_word' id='word_1_124' title='bbox 933 2666 972 2726; x_wconf 91' lang='lat' dir='ltr'>ut</span> <span class='ocrx_word' id='word_1_125' title='bbox 1000 2664 1173 2740; x_wconf 84' lang='lat' dir='ltr'>Sophoclis</span> <span class='ocrx_word' id='word_1_126' title='bbox 1202 2662 1291 2726; x_wconf 88' lang='lat' dir='ltr'>iilius</span> <span class='ocrx_word' id='word_1_127' title='bbox 1321 2666 1456 2740; x_wconf 90' lang='lat' dir='ltr'>Iophon.</span> <span class='ocrx_word' id='word_1_128' title='bbox 1489 2666 1598 2728; x_wconf 81' lang='lat' dir='ltr'>Semel</span> <span class='ocrx_word' id='word_1_129' title='bbox 1622 2671 1734 2728; x_wconf 89' lang='lat' dir='ltr'>tamen</span> <span class='ocrx_word' id='word_1_130' title='bbox 1757 2668 1790 2726; x_wconf 93' lang='lat' dir='ltr'>et</span> 
     </span>
     <span class='ocr_line' id='line_1_18' title="bbox 560 2778 1789 2855; baseline 0 -16"><span class='ocrx_word' id='word_1_131' title='bbox 560 2781 683 2840; x_wconf 90' lang='lat' dir='ltr'>iterum</span> <span class='ocrx_word' id='word_1_132' title='bbox 706 2779 831 2840; x_wconf 87' lang='lat' dir='ltr'>Araros</span> <span class='ocrx_word' id='word_1_133' title='bbox 855 2779 955 2841; x_wconf 90' lang='lat' dir='ltr'>etiam</span> <span class='ocrx_word' id='word_1_134' title='bbox 976 2779 1110 2839; x_wconf 91' lang='lat' dir='ltr'>mortuo</span> <span class='ocrx_word' id='word_1_135' title='bbox 1129 2778 1351 2855; x_wconf 86' lang='lat' dir='ltr'>Aristophane</span> <span class='ocrx_word' id='word_1_136' title='bbox 1368 2796 1386 2840; x_wconf 92' lang='lat' dir='ltr'>e</span> <span class='ocrx_word' id='word_1_137' title='bbox 1406 2780 1641 2841; x_wconf 86' lang='lat' dir='ltr'>certaminibus</span> <span class='ocrx_word' id='word_1_138' title='bbox 1652 2780 1789 2841; x_wconf 90' lang='lat' dir='ltr'>scenicis</span> 
     </span>
     <span class='ocr_line' id='line_1_19' title="bbox 559 2892 871 2969; baseline 0 -15"><span class='ocrx_word' id='word_1_139' title='bbox 559 2894 707 2969; x_wconf 87' lang='lat' dir='ltr'>praemia</span> <span class='ocrx_word' id='word_1_140' title='bbox 729 2892 871 2954; x_wconf 86' lang='lat' dir='ltr'>rettulit.</span> 
     </span>
    </p>

    <p class='ocr_par' dir='ltr' id='par_1_9' title="bbox 557 3005 1796 3997">
     <span class='ocr_line' id='line_1_20' title="bbox 603 3005 1789 3084; baseline 0.003 -18"><span class='ocrx_word' id='word_1_141' title='bbox 603 3007 747 3069; x_wconf 78' lang='lat' dir='ltr'>Fabulae</span> <span class='ocrx_word' id='word_1_142' title='bbox 766 3008 897 3084; x_wconf 84' lang='lat' dir='ltr'>ambae,</span> <span class='ocrx_word' id='word_1_143' title='bbox 919 3022 1002 3081; x_wconf 89' lang='lat' dir='ltr'>quas</span> <span class='ocrx_word' id='word_1_144' title='bbox 1021 3005 1089 3069; x_wconf 88' lang='lat' dir='ltr'>filio</span> <span class='ocrx_word' id='word_1_145' title='bbox 1108 3006 1243 3083; x_wconf 85' lang='lat' dir='ltr'>scripsit</span> <span class='ocrx_word' id='word_1_146' title='bbox 1261 3008 1516 3084; x_wconf 88' lang='lat' dir='ltr'>Aristophanes,</span> <span class='ocrx_word' id='word_1_147' title='bbox 1537 3009 1672 3084; x_wconf 92' lang='lat' dir='ltr'>propius</span> <span class='ocrx_word' id='word_1_148' title='bbox 1690 3008 1789 3069; x_wconf 86' lang='lat' dir='ltr'>etiam</span> 
     </span>
     <span class='ocr_line' id='line_1_21' title="bbox 558 3121 1790 3200; baseline -0.002 -15"><span class='ocrx_word' id='word_1_149' title='bbox 558 3140 657 3200; x_wconf 89' lang='lat' dir='ltr'>quam</span> <span class='ocrx_word' id='word_1_150' title='bbox 688 3122 805 3183; x_wconf 93' lang='lat' dir='ltr'>Plutus</span> <span class='ocrx_word' id='word_1_151' title='bbox 828 3121 1029 3184; x_wconf 86' lang='lat' dir='ltr'>accedebant</span> <span class='ocrx_word' id='word_1_152' title='bbox 1053 3121 1093 3183; x_wconf 90' lang='lat' dir='ltr'>ad</span> <span class='ocrx_word' id='word_1_153' title='bbox 1118 3123 1312 3184; x_wconf 89' lang='lat' dir='ltr'>recentioris</span> <span class='ocrx_word' id='word_1_154' title='bbox 1335 3123 1409 3183; x_wconf 90' lang='lat' dir='ltr'>aevi</span> <span class='ocrx_word' id='word_1_155' title='bbox 1433 3123 1600 3198; x_wconf 87' lang='lat' dir='ltr'>dramata,</span> <span class='ocrx_word' id='word_1_156' title='bbox 1629 3155 1667 3164; x_wconf 93' lang='lat'>-</span> <span class='ocrx_word' id='word_1_157' title='bbox 1692 3137 1790 3196; x_wconf 83' lang='lat' dir='ltr'>quan·</span> 
     </span>
     <span class='ocr_line' id='line_1_22' title="bbox 557 3236 1792 3313; baseline -0.002 -15"><span class='ocrx_word' id='word_1_158' title='bbox 557 3241 630 3298; x_wconf 91' lang='lat' dir='ltr'>tum</span> <span class='ocrx_word' id='word_1_159' title='bbox 650 3238 782 3311; x_wconf 89' lang='lat' dir='ltr'>quidem</span> <span class='ocrx_word' id='word_1_160' title='bbox 802 3238 1009 3311; x_wconf 90' lang='lat' dir='ltr'>compertum</span> <span class='ocrx_word' id='word_1_161' title='bbox 1031 3236 1211 3310; x_wconf 88' lang='lat' dir='ltr'>habemus;</span> <span class='ocrx_word' id='word_1_162' title='bbox 1232 3251 1310 3298; x_wconf 91' lang='lat' dir='ltr'>nam</span> <span class='ocrx_word' id='word_1_163' title='bbox 1330 3236 1517 3313; x_wconf 78' lang='lat' dir='ltr'>fragmenta</span> <span class='ocrx_word' id='word_1_164' title='bbox 1535 3237 1668 3297; x_wconf 92' lang='lat' dir='ltr'>nonnisi</span> <span class='ocrx_word' id='word_1_165' title='bbox 1688 3250 1792 3311; x_wconf 87' lang='lat' dir='ltr'>pauca</span> 
     </span>
     <span class='ocr_line' id='line_1_23' title="bbox 558 3349 1791 3425; baseline -0.001 -13"><span class='ocrx_word' id='word_1_166' title='bbox 558 3357 592 3412; x_wconf 91' lang='lat' dir='ltr'>et</span> <span class='ocrx_word' id='word_1_167' title='bbox 622 3352 744 3425; x_wconf 83' lang='lat' dir='ltr'>exigua</span> <span class='ocrx_word' id='word_1_168' title='bbox 774 3353 965 3425; x_wconf 88' lang='lat' dir='ltr'>supersunt.</span> <span class='ocrx_word' id='word_1_169' title='bbox 998 3349 1156 3410; x_wconf 85' lang='lat' dir='ltr'>Proximo</span> <span class='ocrx_word' id='word_1_170' title='bbox 1187 3354 1263 3425; x_wconf 76' lang='lat' dir='ltr'>post</span> <span class='ocrx_word' id='word_1_171' title='bbox 1292 3351 1426 3411; x_wconf 90' lang='lat' dir='ltr'>Plutum</span> <span class='ocrx_word' id='word_1_172' title='bbox 1456 3366 1543 3412; x_wconf 89' lang='lat' dir='ltr'>anno</span> <span class='ocrx_word' id='word_1_173' title='bbox 1566 3366 1649 3425; x_wconf 89' lang='lat' dir='ltr'>quae</span> <span class='ocrx_word' id='word_1_174' title='bbox 1672 3365 1791 3412; x_wconf 90' lang='lat' dir='ltr'>scenae</span> 
     </span>
     <span class='ocr_line' id='line_1_24' title="bbox 557 3462 1792 3541; baseline -0.001 -16"><span class='ocrx_word' id='word_1_175' title='bbox 557 3465 739 3526; x_wconf 90' lang='lat' dir='ltr'>commissa</span> <span class='ocrx_word' id='word_1_176' title='bbox 778 3466 831 3525; x_wconf 91' lang='lat' dir='ltr'>est</span> <span class='ocrx_word' id='word_1_177' title='bbox 864 3462 1002 3524; x_wconf 78' lang='lat' dir='ltr'>Cocalus</span> <span class='ocrx_word' id='word_1_178' title='bbox 1041 3463 1155 3524; x_wconf 83' lang='lat' dir='ltr'>tabula</span> <span class='ocrx_word' id='word_1_179' title='bbox 1194 3466 1228 3526; x_wconf 89' lang='lat' dir='ltr'>et</span> <span class='ocrx_word' id='word_1_180' title='bbox 1262 3465 1369 3539; x_wconf 92' lang='lat' dir='ltr'>primo</span> <span class='ocrx_word' id='word_1_181' title='bbox 1404 3465 1552 3540; x_wconf 88' lang='lat' dir='ltr'>praemio</span> <span class='ocrx_word' id='word_1_182' title='bbox 1590 3467 1722 3541; x_wconf 89' lang='lat' dir='ltr'>ornata,</span> <span class='ocrx_word' id='word_1_183' title='bbox 1760 3467 1792 3525; x_wconf 95' lang='lat' dir='ltr'>in</span> 
     </span>
     <span class='ocr_line' id='line_1_25' title="bbox 558 3577 1793 3653; baseline -0.001 -14"><span class='ocrx_word' id='word_1_184' title='bbox 558 3580 755 3653; x_wconf 82' lang='lat' dir='ltr'>argumento</span> <span class='ocrx_word' id='word_1_185' title='bbox 785 3577 930 3651; x_wconf 83' lang='lat' dir='ltr'>quodem</span> <span class='ocrx_word' id='word_1_186' title='bbox 961 3578 1123 3637; x_wconf 88' lang='lat' dir='ltr'>amatorio</span> <span class='ocrx_word' id='word_1_187' title='bbox 1156 3578 1362 3653; x_wconf 88' lang='lat' dir='ltr'>versabatur,</span> <span class='ocrx_word' id='word_1_188' title='bbox 1388 3579 1421 3637; x_wconf 90' lang='lat' dir='ltr'>et</span> <span class='ocrx_word' id='word_1_189' title='bbox 1443 3578 1565 3639; x_wconf 89' lang='lat' dir='ltr'>iahulis</span> <span class='ocrx_word' id='word_1_190' title='bbox 1586 3578 1793 3639; x_wconf 82' lang='lat' dir='ltr'>Menandreis</span> 
     </span>
     <span class='ocr_line' id='line_1_26' title="bbox 557 3690 1792 3766; baseline 0.001 -15"><span class='ocrx_word' id='word_1_191' title='bbox 557 3692 645 3752; x_wconf 89' lang='lat' dir='ltr'>haud</span> <span class='ocrx_word' id='word_1_192' title='bbox 677 3691 849 3752; x_wconf 88' lang='lat' dir='ltr'>dissimilis</span> <span class='ocrx_word' id='word_1_193' title='bbox 879 3692 982 3752; x_wconf 88' lang='lat' dir='ltr'>inisse</span> <span class='ocrx_word' id='word_1_194' title='bbox 1009 3690 1151 3751; x_wconf 91' lang='lat' dir='ltr'>videtur.</span> <span class='ocrx_word' id='word_1_195' title='bbox 1177 3690 1380 3766; x_wconf 80' lang='lat' dir='ltr'>Quapropter</span> <span class='ocrx_word' id='word_1_196' title='bbox 1402 3691 1540 3752; x_wconf 87' lang='lat' dir='ltr'>luerunt</span> <span class='ocrx_word' id='word_1_197' title='bbox 1561 3692 1648 3752; x_wconf 88' lang='lat' dir='ltr'>inter</span> <span class='ocrx_word' id='word_1_198' title='bbox 1669 3691 1792 3753; x_wconf 89' lang='lat' dir='ltr'>Aristo·</span> 
     </span>
     <span class='ocr_line' id='line_1_27' title="bbox 557 3806 1796 3882; baseline -0.001 -16"><span class='ocrx_word' id='word_1_199' title='bbox 557 3806 678 3882; x_wconf 91' lang='lat' dir='ltr'>phanis</span> <span class='ocrx_word' id='word_1_200' title='bbox 695 3806 915 3866; x_wconf 87' lang='lat' dir='ltr'>admiratores</span> <span class='ocrx_word' id='word_1_201' title='bbox 934 3806 990 3880; x_wconf 87' lang='lat' dir='ltr'>qui</span> <span class='ocrx_word' id='word_1_202' title='bbox 1007 3820 1113 3865; x_wconf 92' lang='lat' dir='ltr'>novae</span> <span class='ocrx_word' id='word_1_203' title='bbox 1131 3806 1320 3866; x_wconf 90' lang='lat' dir='ltr'>comoediae</span> <span class='ocrx_word' id='word_1_204' title='bbox 1333 3807 1513 3866; x_wconf 89' lang='lat' dir='ltr'>creatorem</span> <span class='ocrx_word' id='word_1_205' title='bbox 1528 3809 1696 3867; x_wconf 84' lang='lat' dir='ltr'>vocarent.</span> <span class='ocrx_word' id='word_1_206' title='bbox 1710 3807 1796 3868; x_wconf 86' lang='lat' dir='ltr'>Fieri</span> 
     </span>
     <span class='ocr_line' id='line_1_28' title="bbox 557 3920 1794 3997; baseline -0.001 -16"><span class='ocrx_word' id='word_1_207' title='bbox 557 3921 734 3996; x_wconf 89' lang='lat' dir='ltr'>potuisset,</span> <span class='ocrx_word' id='word_1_208' title='bbox 771 3920 800 3979; x_wconf 90' lang='lat' dir='ltr'>si</span> <span class='ocrx_word' id='word_1_209' title='bbox 834 3920 1036 3994; x_wconf 89' lang='lat' dir='ltr'>pepercisset</span> <span class='ocrx_word' id='word_1_210' title='bbox 1071 3921 1102 3979; x_wconf 92' lang='lat' dir='ltr'>ei</span> <span class='ocrx_word' id='word_1_211' title='bbox 1135 3922 1305 3995; x_wconf 82' lang='lat' dir='ltr'>senectus3</span> <span class='ocrx_word' id='word_1_212' title='bbox 1343 3921 1401 3981; x_wconf 87' lang='lat' dir='ltr'>sed</span> <span class='ocrx_word' id='word_1_213' title='bbox 1436 3920 1568 3982; x_wconf 90' lang='lat' dir='ltr'>creandi</span> <span class='ocrx_word' id='word_1_214' title='bbox 1598 3924 1732 3997; x_wconf 90' lang='lat' dir='ltr'>tempus</span> <span class='ocrx_word' id='word_1_215' title='bbox 1765 3922 1794 3982; x_wconf 89' lang='lat' dir='ltr'>ei</span> 
     </span>
    </p>

    <p class='ocr_par' dir='ltr' id='par_1_10' title="bbox 465 4032 1796 4564">
     <span class='ocr_line' id='line_1_29' title="bbox 465 4032 1793 4123; baseline 0.002 -29"><span class='ocrx_word' id='word_1_216' title='bbox 465 4120 468 4123; x_wconf 8' lang='grc' dir='ltr'><strong><em>ἢ</em></strong></span> <span class='ocrx_word' id='word_1_217' title='bbox 557 4034 784 4109; x_wconf 88' lang='lat' dir='ltr'>praeterierat.</span> <span class='ocrx_word' id='word_1_218' title='bbox 809 4033 929 4093; x_wconf 86' lang='lat' dir='ltr'>Munus</span> <span class='ocrx_word' id='word_1_219' title='bbox 952 4032 1168 4094; x_wconf 88' lang='lat' dir='ltr'>honorificum</span> <span class='ocrx_word' id='word_1_220' title='bbox 1193 4036 1257 4095; x_wconf 87' lang='lat' dir='ltr'>arti</span> <span class='ocrx_word' id='word_1_221' title='bbox 1279 4035 1473 4110; x_wconf 83' lang='lat' dir='ltr'>Euripideae</span> <span class='ocrx_word' id='word_1_222' title='bbox 1496 4035 1656 4109; x_wconf 87' lang='lat' dir='ltr'>aptiorem</span> <span class='ocrx_word' id='word_1_223' title='bbox 1682 4036 1793 4097; x_wconf 90' lang='lat' dir='ltr'>locum</span> 
     </span>
     <span class='ocr_line' id='line_1_30' title="bbox 556 4147 1794 4225; baseline 0.002 -18"><span class='ocrx_word' id='word_1_224' title='bbox 556 4147 689 4223; x_wconf 88' lang='lat' dir='ltr'>petendi</span> <span class='ocrx_word' id='word_1_225' title='bbox 720 4149 753 4206; x_wconf 92' lang='lat' dir='ltr'>et</span> <span class='ocrx_word' id='word_1_226' title='bbox 783 4147 921 4222; x_wconf 89' lang='lat' dir='ltr'>parandi</span> <span class='ocrx_word' id='word_1_227' title='bbox 956 4162 1057 4220; x_wconf 88' lang='lat' dir='ltr'>quam</span> <span class='ocrx_word' id='word_1_228' title='bbox 1092 4148 1269 4222; x_wconf 84' lang='lat' dir='ltr'>praebebat</span> <span class='ocrx_word' id='word_1_229' title='bbox 1298 4148 1482 4225; x_wconf 78' lang='lat' dir='ltr'>tragoedia,</span> <span class='ocrx_word' id='word_1_230' title='bbox 1517 4149 1651 4221; x_wconf 88' lang='lat' dir='ltr'>reliquit</span> <span class='ocrx_word' id='word_1_231' title='bbox 1684 4151 1794 4224; x_wconf 87' lang='lat' dir='ltr'>poetis</span> 
     </span>
     <span class='ocr_line' id='line_1_31' title="bbox 557 4260 1796 4338; baseline 0.001 -16"><span class='ocrx_word' id='word_1_232' title='bbox 557 4261 749 4322; x_wconf 90' lang='lat' dir='ltr'>iunioribus.</span> <span class='ocrx_word' id='word_1_233' title='bbox 780 4260 852 4321; x_wconf 90' lang='lat' dir='ltr'>Non</span> <span class='ocrx_word' id='word_1_234' title='bbox 882 4262 961 4321; x_wconf 89' lang='lat' dir='ltr'>novi</span> <span class='ocrx_word' id='word_1_235' title='bbox 993 4262 1068 4321; x_wconf 88' lang='lat' dir='ltr'>aevi</span> <span class='ocrx_word' id='word_1_236' title='bbox 1095 4262 1291 4335; x_wconf 83' lang='lat' dir='ltr'>signiferum</span> <span class='ocrx_word' id='word_1_237' title='bbox 1314 4263 1570 4338; x_wconf 88' lang='lat' dir='ltr'>Aristophanem</span> <span class='ocrx_word' id='word_1_238' title='bbox 1594 4278 1796 4323; x_wconf 88' lang='lat' dir='ltr'>veneramur</span> 
     </span>
     <span class='ocr_line' id='line_1_32' title="bbox 556 4361 1794 4451; baseline 0.001 -16"><span class='ocrx_word' id='word_1_239' title='bbox 556 4378 655 4448; x_wconf 89' lang='lat' dir='ltr'>atque</span> <span class='ocrx_word' id='word_1_240' title='bbox 675 4375 892 4450; x_wconf 85' lang='lat' dir='ltr'>suspicimus,</span> <span class='ocrx_word' id='word_1_241' title='bbox 913 4375 972 4435; x_wconf 93' lang='lat' dir='ltr'>sed</span> <span class='ocrx_word' id='word_1_242' title='bbox 991 4361 1188 4449; x_wconf 84' lang='lat' dir='ltr'>magnorum</span> <span class='ocrx_word' id='word_1_243' title='bbox 1208 4377 1399 4451; x_wconf 86' lang='lat' dir='ltr'>poctarum,</span> <span class='ocrx_word' id='word_1_244' title='bbox 1420 4391 1502 4449; x_wconf 89' lang='lat' dir='ltr'>quos</span> <span class='ocrx_word' id='word_1_245' title='bbox 1522 4375 1598 4436; x_wconf 89' lang='lat' dir='ltr'>tuht</span> <span class='ocrx_word' id='word_1_246' title='bbox 1611 4375 1794 4437; x_wconf 89' lang='lat' dir='ltr'>Athenien·</span> 
     </span>
     <span class='ocr_line' id='line_1_33' title="bbox 556 4487 1616 4564; baseline 0 -15"><span class='ocrx_word' id='word_1_247' title='bbox 556 4491 646 4550; x_wconf 92' lang='lat' dir='ltr'>sium</span> <span class='ocrx_word' id='word_1_248' title='bbox 670 4489 789 4549; x_wconf 89' lang='lat' dir='ltr'>civitas</span> <span class='ocrx_word' id='word_1_249' title='bbox 812 4487 930 4564; x_wconf 85' lang='lat' dir='ltr'>libera,</span> <span class='ocrx_word' id='word_1_250' title='bbox 956 4490 991 4548; x_wconf 88' lang='lat' dir='ltr'>et</span> <span class='ocrx_word' id='word_1_251' title='bbox 1013 4488 1171 4549; x_wconf 89' lang='lat' dir='ltr'>ultimum</span> <span class='ocrx_word' id='word_1_252' title='bbox 1196 4490 1230 4548; x_wconf 90' lang='lat' dir='ltr'>et</span> <span class='ocrx_word' id='word_1_253' title='bbox 1252 4488 1394 4550; x_wconf 81' lang='lat' dir='ltr'>sortasse</span> <span class='ocrx_word' id='word_1_254' title='bbox 1418 4490 1616 4551; x_wconf 86' lang='lat' dir='ltr'>maximum.</span> 
     </span>
    </p>
   </div>
   <div class='ocr_carea' id='block_1_3' title="bbox 1797 4538 1827 4625">
    <p class='ocr_par' dir='ltr' id='par_1_11' title="bbox 1797 4538 1827 4625">
     <span class='ocr_line' id='line_1_34' title="bbox 1797 4538 1827 4625; baseline 0 0"><span class='ocrx_word' id='word_1_255' title='bbox 1797 4538 1827 4625; x_wconf 72' lang='lat' dir='ltr'><em>s</em></span> 
     </span>
    </p>
   </div>
   <div class='ocr_carea' id='block_1_4' title="bbox 1058 4730 1296 4739">
    <p class='ocr_par' dir='ltr' id='par_1_12' title="bbox 1058 4730 1296 4739">
     <span class='ocr_line' id='line_1_35' title="bbox 1058 4730 1296 4739; baseline -0.004 0"><span class='ocrx_word' id='word_1_256' title='bbox 1058 4730 1296 4739; x_wconf 78' lang='lat'>———.</span> 
     </span>
    </p>
   </div>
   <div class='ocr_carea' id='block_1_5' title="bbox 0 0 2039 5950">
    <p class='ocr_par' dir='ltr' id='par_1_13' title="bbox 0 0 2039 5950">
     <span class='ocr_line' id='line_1_36' title="bbox 0 0 2039 5950; baseline 0 0"><span class='ocrx_word' id='word_1_257' title='bbox 0 0 2039 5950; x_wconf 95' lang='lat' dir='ltr'> </span> 
     </span>
    </p>
   </div>
  </div>
 </body>
</html>
