4067 5950
717 795 795 841 urna
820 797 859 842 nr
882 795 1053 842 cenninus.
1456 782 1499 843 43

269 968 323 1029 vel
355 969 502 1029 cantoris
530 965 687 1028 officium.
711 965 872 1026 Primitus
896 966 1007 1040 igitur,
1033 981 1107 1026 cum
1133 967 1260 1041 primas
1282 967 1315 1025 in
1339 967 1502 1050 suis‘dra·

271 1082 374 1141 matis
396 1083 509 1156 partes
532 1079 594 1154 ipsi
619 1079 734 1154 poetae
758 1078 911 1138 solebant
935 1094 1046 1153 agera,
1070 1095 1089 1138 a
1109 1079 1347 1139 certaminibus
1365 1079 1503 1153 publicis

270 1196 462 1269 peregrinos
491 1193 596 1254 tuisse
627 1193 796 1267 exclusos,
829 1191 904 1252 dein
928 1207 1021 1267 vero,
1046 1207 1121 1252 cum
1146 1192 1315 1253 actoribus
1339 1208 1407 1253 rem
1433 1206 1501 1267 per·

271 1308 405 1368 mittere
429 1307 590 1381 solerent,
614 1321 672 1382 por
695 1305 787 1381 leges
806 1305 888 1366 nihil
910 1305 1081 1366 obstitisse
1100 1306 1279 1379 quominus
1301 1321 1375 1366 cum
1397 1306 1504 1382 poetis

270 1421 402 1482 civibus
424 1422 601 1482 certarent.

316 1536 387 1597 Non
419 1539 533 1597 tamen
564 1535 647 1596 satis
679 1533 852 1594 commode
882 1534 931 1594 sic
961 1534 1172 1609 explicantur
1201 1549 1287 1608 quae
1317 1534 1357 1594 de
1381 1532 1502 1593 Aristo-

269 1651 379 1725 phane
409 1648 569 1709 habemus
600 1648 785 1722 comperta,
817 1646 929 1720 itaque
960 1647 1069 1706 satius
1101 1646 1233 1707 videtur
1259 1660 1392 1706 sumere
1414 1659 1503 1720 pere·

271 1762 377 1837 grinis
410 1777 474 1822 non
510 1762 559 1821 sic
589 1763 716 1821 temere
746 1760 880 1834 perinde
915 1762 1015 1834 atque
1053 1759 1182 1820 civibus
1211 1759 1346 1820 licuisse
1374 1757 1504 1819 tabulas

270 1891 353 1936 suas
382 1874 500 1936 offerre
529 1874 743 1949 magistratui
775 1874 809 1932 in
839 1888 973 1934 scenam
999 1873 1243 1948 admittendas,
1267 1872 1503 1947 magistratum

271 1991 386 2048 autem
422 1987 477 2061 qui
509 1987 645 2062 Equites
674 1987 909 2062 Aristophanis
939 1986 1087 2048 fabulam
1119 1987 1244 2062 recepit
1274 2002 1294 2046 a
1324 1985 1395 2046 cive
1427 1984 1502 2044 scri·

270 2105 366 2177 ptam
391 2102 536 2176 putasse.

317 2215 470 2275 Etiamne
500 2215 564 2290 ipsi
596 2214 813 2290 Aristophani
844 2229 1041 2290 persuasum
1075 2218 1147 2276 erat
1170 2215 1320 2276 civitatis
1344 2215 1408 2275 sibi
1431 2229 1506 2274 esse

270 2331 350 2390 ius?
381 2329 430 2389 An
462 2329 495 2388 in
527 2328 665 2388 dubium
695 2327 806 2388 vocari
831 2328 862 2387 id
887 2343 984 2402 posse
1007 2343 1084 2389 cum
1108 2343 1174 2389 non
1197 2330 1354 2404 nesciret,
1379 2329 1506 2404 primas

271 2441 405 2503 fabulas
428 2443 592 2503 docendas
613 2441 749 2502 tradidit
772 2440 978 2518 Callistrato,
1004 2457 1091 2503 nunc
1112 2457 1189 2502 vero
1213 2457 1300 2504 nova
1319 2442 1404 2518 apud
1417 2440 1508 2502 cives

271 2556 384 2628 gratia
405 2555 539 2616 fervens
561 2558 600 2616 ut
622 2570 682 2615 suo
705 2555 841 2615 nomine
865 2555 1060 2616 certaminis
1082 2555 1203 2630 poetici
1221 2555 1404 2630 periculum
1424 2553 1507 2614 iace-

272 2672 326 2729 ret
351 2664 371 2738 1)
406 2672 579 2745 permotus
614 2671 666 2729 est
700 2668 741 2728 ab
777 2668 909 2743 amicis,
945 2667 1062 2729 veritis
1092 2683 1133 2729 ne
1164 2670 1197 2728 in
1227 2672 1346 2744 poetae
1375 2641 1509 2728 scriniis

272 2783 388 2841 abdita
411 2784 562 2843 maneret
584 2781 696 2842 fabula
719 2781 794 2842 duci
816 2782 963 2857 partium
987 2781 1193 2857 popularium
1218 2781 1465 2842 infestissima?

320 2896 381 2955 Est
406 2911 464 2956 cur
488 2911 566 2956 vero
590 2895 712 2955 similis
729 2897 812 2955 haec
832 2895 994 2955 habeatur
1014 2896 1134 2971 opinio.
1154 2894 1228 2955 Alia
1247 2895 1360 2955 omnia
1375 2894 1507 2969 quidem

257 3011 322 3091 ,ait
356 3011 476 3071 chorus
505 3010 680 3083 Equitum:
713 3009 914 3071 modestiam
947 3011 1106 3070 nimirum
1131 3010 1304 3071 obstitisse
1327 3009 1509 3082 quominus

271 3126 373 3199 poeta
404 3124 469 3183 tiro
499 3125 628 3198 priores
656 3123 787 3184 tabulas
818 3138 880 3185 suo
909 3124 1047 3184 nomine
1077 3126 1277 3200 proponeret
1297 3118 1338 3197 ἠ
1363 3122 1421 3182 sed
1446 3121 1510 3197 ipsi

271 3239 405 3311 poetae,
440 3238 616 3310 coryphaei
648 3250 704 3297 ore
735 3236 768 3297 id
800 3235 1000 3313 perhibenti,
1034 3238 1127 3298 estne
1151 3236 1376 3298 credendum?
1399 3236 1508 3296 Immo

273 3364 390 3409 veram
415 3352 463 3409 rei
487 3364 623 3410 causam
647 3350 688 3410 ab
712 3364 754 3425 eq
773 3364 839 3410 non
859 3363 933 3411 esse
952 3350 1150 3426 indicatam,
1171 3352 1260 3411 certe
1279 3364 1343 3410 non
1361 3350 1507 3424 unicam,
1559 3336 1560 3339 '

273 3464 443 3523 testantur
466 3460 597 3524 tabulae
620 3477 703 3536 quaa
726 3465 801 3537 post
823 3463 972 3539 Equites,
998 3466 1071 3524 tum
1096 3479 1171 3524 cum
1195 3477 1300 3537 neque
1320 3464 1385 3524 tiro
1408 3463 1509 3523 etiam

273 3578 367 3637 esset
390 3590 496 3651 neque
520 3590 540 3635 a
564 3577 707 3651 pueritia
730 3576 866 3651 propius
889 3577 1043 3652 distaret,
1075 3577 1151 3637 aliis
1173 3577 1311 3637 tradidit
1334 3576 1509 3636 docendas.

275 3690 365 3765 Quae
401 3692 514 3750 autem
546 3693 663 3765 poetae
695 3688 797 3750 verba
827 3704 893 3750 non
924 3689 964 3749 ab
996 3690 1089 3751 omni
1120 3692 1214 3766 parte
1237 3704 1414 3751 versasse
1437 3704 1509 3750 cou-

276 3805 358 3879 stet,
395 3819 435 3864 ea
469 3804 536 3864 nisi
571 3804 672 3865 certis
707 3805 915 3878 argumentis
950 3804 1083 3866 aliunde
1117 3804 1232 3866 allatis
1262 3804 1386 3880 partim
1421 3805 1511 3864 certe

274 3918 408 3993 possint
443 3916 648 3991 confirmari,
684 3919 820 3979 omnino
851 3933 909 3993 pro
944 3919 1190 3980 commenticiis
1228 3921 1308 3979 sunt
1344 3917 1509 3991 habenda,

276 4046 354 4092 curn
389 4031 586 4106 praesertim
620 4030 734 4105 paucis
768 4030 866 4090 annis
899 4034 975 4105 post
1011 4034 1093 4092 haec
1127 4032 1299 4107 scripserit
1331 4030 1404 4091 ille:
1441 4030 1510 4105 ,Ex

276 4159 342 4217 quo
385 4143 604 4205 Daetalenses
646 4145 754 4218 prima
793 4144 921 4219 fabula,
963 4159 1063 4217 quam
1113 4146 1247 4206 nomine
1289 4144 1398 4204 alieno
1440 4158 1510 4218 pro·

312 4446 333 4509 ¹)
349 4450 437 4499 Etiam
454 4452 546 4499 acicra's
562 4449 650 4498 officio
668 4449 869 4509 Aristophanem
887 4452 914 4498 in
928 4451 1065 4513 Equitibua
1080 4453 1199 4499 iunctum
1215 4452 1337 4513 perhibet
1351 4450 1513 4512 biographus

276 4528 342 4590 (Via
360 4531 374 4589 ξ
392 4530 427 4592 3),
452 4543 508 4578 rem
534 4529 643 4578 minime
666 4530 821 4587 absurdam
844 4544 912 4590 qnae
935 4528 959 4577 ai
980 4534 1122 4592 constaret,
1139 4532 1234 4579 melius
1250 4531 1450 4591 intellegeretur·
1465 4544 1513 4578 our

277 4611 395 4657 comiona
418 4614 480 4670 post
501 4610 619 4657 tabulam
643 4623 738 4656 scenae
761 4610 927 4656 commissam
952 4610 987 4655 ait
1004 4614 1152 4657 accusatus.
1170 4611 1222 4658 Sed
1239 4610 1290 4657 ilde
1307 4614 1388 4667 caret,
1404 4624 1463 4657 nam
1482 4623 1514 4656 ex

277 4688 406 4750 Equitum
428 4702 506 4737 versu
533 4692 580 4736 tsi
608 4702 745 4749 perperam
768 4689 902 4736 intellecto
924 4689 989 4736 haec
1013 4688 1103 4749 opinio
1126 4693 1167 4736 ert
1190 4694 1265 4751 nata,
1283 4693 1310 4737 et
1326 4691 1436 4737 confusa
1452 4693 1513 4736 sunt

279 4769 361 4818 verba
379 4769 499 4816 taddeam
517 4772 543 4817 ot
560 4770 740 4832 ὑποκρὶνισθαι.

312 4843 334 4907 ²)
352 4848 401 4906 Eq.
422 4848 557 4896 tii-516
577 4852 603 4895 ot
621 4848 765 4895 titi-tit.
