4067 5950
554 753 620 813 320
996 766 1039 811 na
1061 764 1170 811 rnxru
1193 766 1346 813 renorro.

553 942 597 1002 nt
620 940 811 1016 plectuntur
833 938 882 999 slc
905 938 1038 999 numeri
1062 941 1094 1009 (ι)
1118 940 1152 999 et
1174 939 1353 1015 sententia,
1378 955 1443 1001 non
1467 941 1557 1002 enim
1581 943 1619 1002 ut
1633 941 1768 1018 foveretur
1839 974 1841 1019 η

552 1053 611 1113 sed
643 1056 680 1113 ut
705 1053 799 1129 fusca
821 1053 931 1127 magis
953 1051 1050 1113 heret
1072 1052 1154 1123 solis
1177 1054 1279 1115 radiis
1303 1070 1339 1117 se
1363 1054 1561 1131 exponebat.
1587 1056 1625 1116 In
1649 1056 1770 1117 Belleri
1839 1040 1841 1061 ¹

552 1166 731 1228 Anecdotis
754 1167 918 1228 sinceram
943 1166 1124 1228 lectionem
1147 1167 1276 1229 invenlt
1299 1169 1427 1244 Bergk:
1452 1166 1701 1247 ἐχραινόμην.

597 1280 684 1342 Plut.
715 1281 779 1341 521
812 1280 902 1340 idem
934 1294 1050 1340 verum
1083 1279 1181 1357 vidit,
1212 1283 1425 1356 quodetiam
1451 1284 1632 1360 Kappeyne
1656 1287 1771 1345 nostras
1841 1350 1842 1373 ¹

550 1395 690 1455 invenit.
723 1394 792 1471 Quo
822 1393 894 1454 loco
926 1393 1108 1470 Paupertas
1131 1399 1244 1470 rogat:
1268 1397 1297 1457 ει·
1319 1412 1427 1459 mance
1449 1398 1556 1459 divitae
1577 1402 1679 1474 crunt,
1702 1399 1771 1457 uodo

551 1508 700 1569 babebitis
729 1500 896 1585 famulos?
920 1508 1112 1584 Respondet
1132 1508 1350 1585 chremylus:
1374 1526 1516 1573 ememus
1538 1508 1609 1573 eos!
1631 1511 1689 1574 Oui
1710 1512 1770 1573 illa:
1839 1588 1840 1599 ρ

552 1626 585 1684 at
607 1623 679 1698 quio
702 1622 889 1685 venditurus
914 1614 981 1685 cst?
1005 1622 1091 1683 Tum
1115 1622 1317 1699 chremylus
1340 1640 1475 1687 rursus:

1250 1738 1423 1817 κερδαίνειν
1446 1737 1633 1817 βουλόμενός
1655 1760 1697 1809 τις

642 1847 771 1931 ἔμπορος
795 1850 878 1929 ἥκων
902 1848 934 1911 ἐκ
959 1850 1134 1930 Θετταλίας,
1155 1849 1239 1931 παρδι
1262 1852 1458 1913 πλείστων
1481 1848 1737 1929 ἀνδραποδιστῶν.

552 1965 724 2026 scribatur
745 1963 829 2043 παρὰ
851 1969 1020 2049 ληστον,
1044 1966 1131 2040 quod
1153 1967 1284 2028 mature
1308 1972 1500 2043 corruptum
1524 1982 1599 2029 esse
1622 1968 1773 2029 testantur

552 2078 690 2140 scholia.
722 2079 807 2141 Nam
839 2094 857 2140 θ
890 2080 1020 2141 verbis:
1055 2079 1291 2159 ,διαβάλλονται
1323 2076 1356 2140 δὲ
1388 2079 1420 2139 οί
1450 2078 1589 2141 Θετταλοί
1614 2077 1654 2151 ὡς
1677 2078 1772 2157 ἄνδρα·

554 2190 723 2269 ,ποδισταλ
757 2189 809 2252 καλ
843 2192 1065 2273 αἰσχροκερδεῖς
1099 2190 1150 2253 καί
1184 2190 1355 2254 ἄπιστοι·
1390 2190 1437 2254 διεδ
1470 2191 1527 2273 γὰρ
1563 2190 1598 2253 τὰ
1635 2194 1771 2253 Θετταλῶν

554 2302 746 2384 ,ἅπτστα,
776 2302 796 2384 ἡ
820 2307 970 2387 παροιμία
994 2306 1100 2384 φησίν·
1124 2304 1176 2367 καί
1200 2306 1375 2386 Εὐριπίδης
1399 2305 1431 2368 ἐν
1451 2302 1540 2368 Ἰνοῖ·
1564 2305 1670 2368 πολλοὶ
1691 2314 1773 2383 παρῆ-

554 2437 650 2499 ,σιιν,
680 2416 742 2481 ἀλλ’
775 2417 942 2482 ἄπιστοι
975 2421 1146 2482 Θετταλοί”
1173 2422 1298 2498 optimo
1323 2422 1394 2483 iure
1418 2422 1656 2483 Hemsterhuis
1678 2420 1774 2481 effecit

551 2534 656 2596 luisse
679 2534 759 2596 olim
784 2534 961 2597 lectionem
986 2535 1128 2597 alteram
1153 2528 1236 2612 παρ’
1262 2532 1449 2613 ἀπίστων,
1471 2550 1571 2609 quam
1590 2536 1774 2611 pepererunt
1844 2576 1845 2579 ,

550 2649 684 2709 litterae
725 2649 814 2711 male
857 2650 980 2711 lectae:
1025 2648 1349 2708 ΠΑΡΑΛΗΙΣΤΩΝ
1383 2683 1423 2693 -
1460 2648 1774 2713 ΠΑΡΑΑΠΙΣΤΩΝ.

549 2764 673 2825 Verum
705 2767 818 2825 autem
842 2766 1037 2826 etiamnunc
1059 2767 1214 2840 superest
1235 2764 1270 2823 in
1293 2763 1495 2825 deteriorum
1521 2762 1773 2839 „glossemate”:

553 2881 750 2961 ,ληστῶν,
781 2886 841 2936 τῶν
865 2877 937 2948 τοὺς
961 2874 1149 2957 ἀνθρώπους
1174 2877 1390 2954 δεσμούντοον”
1416 2879 1450 2938 et
1471 2878 1506 2937 in
1529 2878 1671 2940 aliorum
1693 2876 1773 2937 stho·
1836 2872 1841 2958 ,5

550 2991 672 3053 liorum
717 2991 845 3054 verbis:
892 2991 1117 3070 ,διεβάλλοντο
1227 2992 1260 3053 οί
1302 2989 1444 3053 Θετταλοί
1485 2989 1525 3063 ὡς
1560 2991 1773 3070 χαίροντες
1836 2961 1841 3027 ί

553 3104 794 3188 ,λῃστείαις
821 3141 861 3149 -
885 3105 920 3166 τὸ
943 3115 1003 3166 τῶν
1029 3107 1184 3167 Θετταλῶν
1206 3104 1293 3186 γένος
1316 3106 1522 3189 λῃστείαις
1545 3103 1682 3185 ἐχρῆτο”.

596 3219 724 3281 Vitiosa
757 3224 872 3281 autem
906 3221 1007 3282 lectio
1042 3221 1188 3281 πλείστων
1223 3220 1389 3295 quomodo
1420 3221 1466 3280 sit
1495 3222 1576 3281 nata
1605 3218 1774 3281 luculenter

550 3336 647 3398 docet
676 3337 714 3415 V,
746 3338 781 3398 in
811 3353 877 3412 quo
907 3339 1111 3414 praepositio
1134 3336 1217 3416 παρὰ
1241 3341 1320 3399 noto
1344 3338 1441 3413 signo
1465 3341 1518 3399 est
1540 3339 1681 3415 scripta:
1704 3325 1773 3396 dia

550 3470 629 3514 στων
653 3454 736 3515 abiit
759 3455 793 3515 in
815 3445 997 3515 τίπλειστων.

595 3569 682 3631 Plut.
717 3570 814 3631 1011.
846 3569 972 3632 Iuvenis
1000 3571 1066 3645 inte,
1100 3601 1139 3611 -
1172 3569 1306 3631 anicula
1328 3570 1481 3644 queritur
1511 3605 1540 3614 -
1570 3569 1627 3644 qai
1647 3569 1712 3630 iam
1731 3581 1773 3627 mc

549 3686 751 3759 aspernetur,
775 3683 851 3744 oiim
873 3684 902 3744 α’
924 3689 1077 3745 moestam
1100 3685 1223 3762 videret,

821 3796 1004 3876 νιτιίριον
1029 3793 1067 3856 διν
1090 3796 1142 3857 καὶ
1166 3797 1307 3876 βάττον
1331 3793 1530 3873 ὑπεκορίζετο.

551 3911 605 3972 Sic
634 3912 672 3987 R,
696 3911 818 3984 inquo
845 3909 938 3988 ,εἴδη
962 3913 1090 3986 φντῶν”
1115 3915 1168 3973 est
1189 3912 1398 3973 adnotatum.
1423 3911 1583 3986 Asperior
1605 3925 1703 3984 quam
1724 3921 1774 3983 pro

549 4026 696 4087 verbulis
724 4025 900 4086 amatoriis
925 4026 1056 4087 videtur
1078 4027 1208 4101 spicula
1230 4041 1292 4087 nec
1316 4026 1400 4087 satis
1423 4025 1513 4087 nosti
1536 4024 1692 4084 odedum
1714 4022 1773 4080 her·

549 4139 653 4201 bam?
682 4139 825 4200 meliora
847 4138 992 4200 fortasse
1015 4139 1106 4199 dabit
1129 4139 1167 4201 V.
1193 4139 1254 4215 Qui
1277 4154 1412 4201 versum
1437 4153 1505 4200 una
1527 4137 1657 4214 littera,
1681 4135 1775 4196 idest

551 4256 633 4316 vitio
657 4254 810 4330 metrico,
835 4253 1018 4314 auctiorem
1042 4252 1196 4329 praebet:

819 4366 956 4446 νττάριον
978 4361 1004 4446 γ’
1030 4363 1078 4426 ἄν.

550 4486 596 4545 At
628 4484 664 4544 in
699 4482 851 4557 margine
885 4482 1000 4557 quales
1036 4481 1173 4542 exhibet
1207 4480 1404 4542 eruditionis
1438 4479 1632 4540 thesauros!
1670 4479 1772 4556 „Sym-

550 4598 692 4660 machus
726 4596 806 4657 dicit
840 4596 1006 4657 Nitarium
1041 4595 1082 4656 ob
1117 4594 1295 4656 mollitiem
1326 4593 1428 4670 carpi,
1459 4594 1542 4654 item
1574 4593 1715 4655 Batum'’
1736 4621 1771 4632 ν

550 4711 681 4785 aliaque
715 4710 749 4770 in
784 4709 922 4770 scholiis
956 4710 1113 4784 leguntur
1143 4723 1228 4783 quae
1259 4709 1406 4769 eiusdem
1438 4709 1517 4769 sunt
1547 4712 1658 4769 notae.
1688 4705 1772 4766 Prius

550 4824 748 4886 vocabulum
780 4823 813 4882 in
846 4823 1014 4898 integrum
1046 4821 1195 4883 restituit
1224 4821 1348 4882 Faber:
1381 4819 1608 4899 νηττάριον,
1641 4820 1770 4882 alterum
