4067 5950
694 784 773 830 vrrs
797 785 836 830 nr
859 785 1027 832 ornamus.
1414 770 1477 830 153

242 956 308 1016 bus
333 957 528 1020 abducitur.
542 959 619 1019 ..et
640 956 726 1018 satie
744 971 908 1033 superque
926 958 1065 1033 apparet
1084 956 1215 1031 qudem
1235 957 1378 1032 gratiam
1394 955 1481 1032 apud

241 1070 340 1130 cives
371 1071 551 1132 inventura
584 1069 656 1130 sint
690 1083 774 1145 quas
803 1069 844 1130 de
878 1069 950 1131 iure
980 1069 1144 1132 amatorio
1174 1069 1364 1146 praestituit
1394 1083 1481 1130 nova

240 1183 420 1261 dictatrix,
445 1195 553 1259 neque
575 1183 741 1246 incertum
766 1183 896 1244 videtur
917 1183 1077 1258 quamdiu
1100 1182 1169 1245 sint
1191 1195 1422 1260 permansura.
1439 1213 1479 1224 -

243 1297 306 1371 „In
340 1299 457 1359 nostra
479 1297 616 1359 civitate
639 1297 769 1358 decreta
791 1294 877 1358 tlunt
898 1299 937 1358 ut
960 1296 1035 1358 tolli
1058 1298 1211 1372 possint”
1235 1297 1343 1358 dicere
1366 1295 1481 1358 memi-

241 1409 362 1470 nimus
385 1409 480 1471 illum
504 1409 626 1485 civem,
651 1409 708 1485 qui
730 1408 884 1470 Athenas
906 1409 989 1471 bene
1012 1409 1167 1484 cognitas
1190 1409 1338 1472 haberet.

292 1524 413 1598 Itaque
443 1523 522 1586 terri
553 1521 644 1599 leges
670 1522 802 1584 facilius
824 1537 923 1596 quam
946 1527 1040 1586 ratas
1062 1522 1133 1586 fleri
1156 1539 1209 1586 res
1232 1524 1344 1600 docet;
1368 1539 1484 1586 omnes

242 1639 364 1699 autem
395 1651 471 1698 cum
503 1638 678 1698 cantantes
708 1639 742 1698 st
772 1636 935 1700 saltantes
964 1637 1000 1698 in
1030 1638 1138 1699 lorum
1163 1637 1288 1700 abeunt
1310 1638 1351 1699 ad
1374 1639 1482 1699 convi-

242 1751 343 1812 vium
368 1764 559 1828 commune‚
590 1751 797 1825 spectatores
819 1765 885 1812 non
911 1750 944 1811 ld
967 1750 1054 1825 quod
1078 1750 1156 1812 olim
1179 1752 1213 1811 in
1236 1752 1332 1812 Pacis
1354 1750 1483 1813 tabulas

243 1863 344 1924 exitu
374 1878 489 1925 secum
511 1863 673 1940 cogitant,
698 1877 815 1925 cenam
839 1863 931 1924 illam
956 1862 1083 1926 laetum
1105 1863 1175 1925 rore
1199 1864 1372 1925 exordium
1397 1864 1485 1924 vitae

242 1977 383 2050 quietae
402 1976 544 2038 feliciter
562 1977 702 2052 posthac
721 1975 969 2055 transigendae,
994 1976 1054 2038 sed
1076 1977 1157 2038 haec
1176 1977 1303 2053 potius:
1327 1977 1372 2053 Ι,0
1393 1976 1483 2052 boni,

246 2104 411 2166 „operam
443 2089 519 2151 date
548 2091 587 2150 ut
617 2089 700 2151 bene
730 2090 861 2151 saturos
891 2088 974 2151 bene
996 2088 1115 2164 repleti
1138 2105 1157 2151 a
1180 2089 1319 2165 dapibus
1341 2089 1486 2165 opiparis

246 2203 419 2279 „redeatis
436 2202 591 2277 domum;
611 2201 737 2264 alterae
751 2201 841 2264 enlm
860 2217 925 2264 non
937 2205 1017 2264 sunt
1028 2202 1176 2264 futurae:
1198 2218 1271 2264 cras
1290 2203 1483 2279 gaudiorum

246 2316 351 2392 ,finis
377 2315 480 2377 eritl‘’
511 2349 552 2360 -
575 2315 681 2378 Erunt
702 2318 783 2377 tunc
805 2315 913 2378 denuo
935 2331 1019 2391 quae
1041 2316 1077 2377 in
1098 2315 1319 2380 tribunalibus
1346 2318 1485 2391 agantur

243 2445 358 2505 neque
381 2429 530 2506 cupediis
553 2429 586 2492 in
609 2432 766 2506 suggesto
789 2429 921 2520 publico
943 2431 1007 2491 erit
1029 2430 1130 2492 locus.

294 2541 536 2606 Pacificatrlcls
560 2543 650 2605 illius
673 2543 820 2605 consiliis
837 2543 1139 2619 praestantissimis
1158 2558 1233 2605 cum
1253 2543 1343 2604 cives
1362 2543 1485 2604 obtem·

243 2658 441 2735 parassent,
473 2657 599 2718 rediere
629 2671 695 2734 pax
726 2659 761 2717 et
785 2657 1005 2734 prosperitas;
1030 2670 1114 2732 quae
1136 2657 1316 2718 mulierum
1338 2656 1402 2717 tuit
1424 2657 1489 2717 vic·

243 2772 337 2832 toria
368 2784 434 2832 non
464 2771 506 2832 ad
537 2770 613 2832 odia
641 2771 768 2848 cienda,
793 2770 851 2832 sed
875 2769 915 2831 ad
939 2768 1145 2832 concilianda
1166 2769 1299 2832 loedere
1322 2771 1488 2831 natarum.

244 2886 462 2960 Praxagorae
493 2899 571 2946 vero
602 2899 678 2946 cum
708 2898 821 2946 rerum
852 2898 987 2946 summa
1009 2887 1061 2944 est
1084 2884 1262 2960 permissa,
1286 2884 1320 2944 in
1344 2882 1488 2945 deterius

244 3000 319 3059 ruit
354 2998 488 3076 civitas,
523 3013 588 3059 non
627 2998 760 3075 „omnia
792 2998 950 3060 omnibus
983 2998 1196 3060 communia”
1233 2996 1396 3073 habitura,
1432 2995 1489 3057 sed

247 3126 395 3187 „omnes
424 3112 579 3174 omnibus
609 3112 800 3173 adversos.”
832 3111 903 3174 Non
934 3112 1042 3174 dulcis
1071 3112 1245 3187 facilisque
1274 3110 1345 3173 vita
1374 3112 1490 3171 manet

245 3240 396 3299 nequam
426 3226 594 3302 homines,
626 3226 682 3300 qui
713 3224 884 3288 civitatem
915 3241 954 3287 eo
977 3228 1110 3287 tantum
1134 3223 1274 3287 consilio
1296 3223 1489 3285 institutam

245 3340 459 3402 arbitrentur
489 3343 527 3401 ut
555 3341 637 3416 ipsis
666 3339 787 3417 pabula
808 3339 992 3417 praeberet.
1015 3341 1166 3416 Longum
1189 3337 1382 3400 mortalium
1406 3352 1490 3399 com·

245 3454 417 3515 mercium
440 3469 524 3530 quae
547 3456 676 3532 peperit
698 3456 728 3516 sl
750 3457 946 3517 evertantur
968 3456 1002 3515 et
1025 3453 1221 3529 abiciantur,
1246 3453 1380 3527 patrum
1403 3454 1492 3514 here·

245 3568 342 3628 ditas
374 3583 440 3629 una
470 3569 618 3630 omnium
645 3568 905 3646 pretiosissima,
926 3583 992 3628 non
1016 3582 1153 3629 aureum
1177 3567 1282 3628 instet
1299 3566 1489 3641 saeculum,

245 3681 313 3743 ssd
333 3682 423 3743 retro
442 3684 559 3743 ruatur
577 3682 610 3742 in
630 3682 798 3744 feritatem
821 3681 930 3757 illam,
955 3682 1041 3742 unde
1065 3694 1169 3754 genus
1192 3680 1378 3741 humanum
1401 3679 1490 3740 lente

246 3795 336 3856 olim
361 3796 499 3855 emersit
522 3795 555 3856 in
582 3798 684 3857 vitam
710 3794 895 3856 cultiorem.
1114 3856 1118 3863 ,

299 3907 381 3969 Plus
404 3909 530 3969 sensim
554 3908 697 3984 singulis
719 3907 910 3970 hominibus
929 3908 963 3969 in
983 3908 1119 3969 civitate
1132 3910 1184 3969 est
1203 3905 1383 3968 tributum:
1404 3920 1492 3966 nunc

247 4020 439 4098 periculum
474 4023 526 4082 est
560 4037 602 4083 ne
636 4020 916 4100 disputationibus
949 4022 989 4083 de
1024 4022 1106 4083 iuris
1140 4035 1337 4094 morumque
1366 4020 1491 4095 origine

246 4150 382 4217 gemere
401 4135 535 4196 iactatis
554 4136 628 4211 ipsa
646 4135 794 4197 civitatis
811 4135 1030 4197 fundamenta
1048 4134 1277 4211 percellantur.
1292 4134 1494 4210 Quapropter

248 4251 335 4310 sunt
361 4248 431 4325 qui,
455 4249 617 4325 temporis
639 4264 722 4325 opus
745 4249 786 4310 ad
813 4250 944 4310 irritum
968 4248 1184 4325 redigendum
1207 4248 1374 4324 arbitrati,
1397 4246 1489 4309 liber·

248 4364 364 4424 tatem
396 4362 487 4424 vitae
517 4363 667 4438 privatae
698 4364 732 4423 in
764 4364 974 4436 angustiores
1004 4362 1114 4423 denuo
1137 4360 1221 4423 fines
1244 4362 1316 4436 cogi
1338 4361 1492 4424 iubeant:

250 4475 286 4536 id
320 4477 350 4535 si
380 4476 505 4537 lactum
536 4475 649 4551 luerit,
681 4491 737 4537 res
767 4475 916 4551 publicas
942 4476 975 4537 in
999 4476 1119 4537 melius
1144 4490 1223 4537 mox
1246 4476 1416 4535 mutatum
1440 4475 1491 4536 iri.

252 4596 300 4654 At
333 4605 399 4653 non
432 4591 469 4649 ut
493 4603 596 4650 unum
621 4604 639 4649 e
662 4588 778 4649 multis
801 4592 890 4650 esset
914 4588 1054 4665 animal,
1080 4604 1146 4651 non
1170 4590 1208 4648 ut
1230 4587 1361 4664 generis
1385 4588 1492 4648 cuius·

251 4709 335 4769 dam
367 4704 539 4779 exemplar
569 4704 659 4764 esset
689 4703 807 4764 ceteris
838 4719 938 4777 quam
965 4702 1115 4763 maxime
1137 4701 1260 4779 simile,
1288 4705 1419 4763 creatus
1442 4706 1493 4762 est

252 4821 375 4882 homot
400 4818 563 4879 Immensi
585 4816 731 4894 corporis
753 4817 839 4891 quod
862 4820 1029 4892 primast,
1053 4830 1227 4878 summum
1251 4816 1383 4892 quidem
1408 4815 1438 4876 id
1463 4815 1494 4875 ei
