4067 5950
583 689 648 750 888
1020 706 1063 750 aa
1086 704 1195 751 τουτου
1217 706 1370 752 rasurae.

625 876 849 953 Aptissimum
873 878 1065 954 exemplum
1088 879 1223 954 praehet
1245 879 1334 941 Plut.
1360 880 1436 941 887.
1462 879 1523 956 Qui
1546 879 1636 940 locus
1655 880 1685 939 in
1703 879 1782 939 Rsic

581 992 633 1051 est
654 991 817 1053 traditus:

1859 1053 1861 1096 l

1859 1099 1861 1140 l

1858 1146 1861 1182 l

1858 1268 1862 1302 l

1116 1116 1187 1190 τοὺς
1211 1117 1360 1198 χρηστοὺς
1381 1118 1496 1196 μόνους

759 1229 880 1311 ἔγωγε
904 1228 968 1290 καλ
991 1230 1083 1303 τοὺς
1106 1231 1295 1305 δικαίους
1319 1230 1383 1291 καλ
1408 1231 1618 1310 σώφρονας

759 1341 869 1422 ώπαρτλ
892 1348 1063 1423 πλουτῆσαι
1086 1347 1214 1423 ποιῆσον.

577 1460 617 1519 In
641 1458 670 1517 V
694 1460 764 1519 est:

758 1570 879 1651 ἔγωγε
905 1571 969 1633 καλ
994 1572 1087 1645 τοὺς
1111 1572 1270 1646 δεξιοὺς
1294 1570 1359 1632 καλ
1383 1573 1475 1645 τοὺς
1498 1571 1717 1650 σώφρονας,

577 1687 611 1748 in
635 1687 854 1748 deterioribus
876 1691 989 1749 autem
1014 1704 1133 1749 versus
1156 1688 1301 1764 speciem
1325 1688 1408 1749 haec
1430 1688 1628 1749 induerunt:

757 1798 875 1880 ἔγωγε
899 1799 965 1860 καλ
989 1802 1082 1873 τοὺς
1106 1801 1265 1874 δεξιοὺς
1289 1799 1355 1860 καλ
1379 1799 1611 1880 σώφρονας,

575 1916 632 1989 qui
656 1929 774 1976 versus
792 1930 853 1975 suo
872 1916 978 1990 pretio
997 1917 1194 1977 etiamnunc
1212 1918 1328 1991 posset
1346 1916 1533 1992 aestimari,
1555 1914 1792 1988 etiamsiperiis·

576 2031 652 2089 sent
682 2029 710 2089 R
743 2031 777 2089 et
805 2027 851 2103 V;
876 2044 954 2090 nam
979 2028 1076 2101 δεξιός
1099 2045 1218 2105 parum
1241 2031 1306 2090 huc
1329 2029 1469 2103 quadrat
1493 2029 1678 2105 epitheton,
1700 2042 1794 2100 neque

575 2143 649 2203 sinc
673 2142 754 2203 vitio
776 2143 881 2203 semel
905 2143 1040 2217 ponitur
1062 2142 1238 2221 articulus,
1264 2143 1320 2216 qui
1343 2145 1403 2203 aut
1424 2141 1476 2202 his
1496 2142 1700 2203 omittendus
1717 2143 1795 2201 crat:

575 2256 646 2327 τοὺς
675 2256 822 2335 χρηστοὺς
853 2254 904 2315 καλ
935 2256 1054 2328 δεξιοὺς
1084 2253 1136 2315 καλ
1167 2256 1344 2334 σώφρονας,
1378 2258 1437 2316 aut
1467 2257 1519 2316 ter
1542 2258 1591 2326 (ut
1614 2256 1649 2315 in
1671 2255 1706 2329 V)
1727 2254 1794 2314 scri·
1865 2306 1866 2310 ,

575 2370 713 2430 bandus.
745 2371 820 2431 Iure
850 2371 952 2446 igitur
983 2386 1120 2431 versum
1145 2372 1319 2432 damnavit
1341 2370 1508 2432 Willems.
1533 2370 1610 2431 Una
1633 2386 1698 2430 vox
1718 2367 1798 2447 ἔγωγε
1865 2341 1866 2345 “

575 2483 717 2544 fortasse
748 2486 928 2561 servanda,
958 2500 1037 2546 nam
1071 2486 1220 2545 comicus
1250 2485 1333 2546 haec
1364 2485 1497 2546 videtur
1525 2484 1714 2559 scripsisse:
1735 2480 1798 2551 τοὺς

575 2596 722 2676 χρηστοὺς
745 2592 856 2678 ἔγωγ’
881 2595 886 2675 Ι
907 2596 1018 2678 ώπαρτλ
1043 2603 1212 2675 πλουτῆσαι
1229 2596 1357 2675 ποιῆσον.

620 2712 708 2772 Olim
731 2712 836 2786 igitur
859 2712 939 2773 fuit:

1004 2835 1058 2886 τοὺς
1075 2834 1186 2887 δικαίους.
1204 2835 1257 2886 τοὺς
1274 2837 1398 2897 σώφρονας

1010 2903 1082 2976 τοὺς
1109 2902 1254 2983 χρηστοὺς
1279 2898 1385 2983 ἔγωγ’

752 3016 863 3096 ἀπαρτὶ
886 3024 1056 3095 πλουτῆσαι
1079 3017 1205 3094 ποιῆσαι.

617 3135 730 3207 Neque
760 3134 820 3194 Av.
849 3135 934 3193 1343
959 3148 1031 3206 sqq.
1055 3134 1115 3192 aut
1137 3131 1256 3192 vitium
1282 3132 1334 3190 est
1356 3130 1493 3191 dubium
1517 3133 1576 3191 aut
1600 3132 1673 3191 vitii
1696 3146 1798 3192 causa.

572 3247 637 3308 Ubi
659 3248 791 3308 iuvenis
812 3247 946 3322 quidam
971 3245 1175 3321 profligatus,
1200 3244 1256 3319 qui
1278 3243 1565 3305 Nubilocuculiam
1587 3245 1680 3321 visit,
1700 3245 1801 3304 laetus
1865 3219 1866 3259 ³

574 3361 761 3422 exclamat:

751 3474 808 3535 οὐκ
831 3446 910 3533 ἔστιν
933 3467 1026 3533 οὐδὲν
1049 3479 1104 3532 τοῦ
1127 3468 1273 3530 πέτεσθαι
1295 3470 1486 3549 γλυκύτερον·

751 3586 807 3665 ἐρῶ
831 3582 861 3646 δ’
888 3564 954 3666 ἐγώ]
968 3608 995 3645 τι
1013 3582 1036 3657 ¹)
1060 3594 1119 3645 τῶν
1143 3582 1176 3644 ἕν
1200 3581 1319 3658 ὄρνισιν
1343 3583 1456 3660 νόμων.

753 3698 950 3777 ὀρνιθομανῶ
974 3698 1031 3779 γὰρ
1055 3697 1107 3759 καλ
1129 3695 1256 3774 πέτομαι
1279 3696 1330 3757 καλ
1353 3697 1504 3774 βούλομαι

751 3814 844 3874 οἰκεῖν
867 3808 933 3890 μεθ’
959 3811 1046 3890 ὑμῶν
1069 3811 1119 3872 καλ
1143 3810 1285 3888 ἐπιθυμῶ
1309 3819 1368 3870 τῶν
1392 3810 1503 3888 νόμων.

616 3929 758 3989 Versum
782 3928 966 3989 secundum
990 3923 1059 4004 (ἐρῶ
1081 3960 1122 3968 -
1148 3925 1264 4001 νόμον)
1287 3925 1321 3984 in
1345 3939 1406 3984 suo
1430 3924 1614 3999 exemplari
1638 3940 1706 3986 non
1727 3924 1800 4000 legit

572 4043 754 4104 scholiasta
783 4040 821 4116 V,
853 4041 912 4101 sed
943 4040 1078 4100 aliunde
1108 4039 1280 4114 cognitum
1315 4036 1444 4113 habuit,
1477 4039 1530 4097 est
1559 4040 1675 4098 autem
1706 4037 1799 4098 nimis

571 4157 692 4219 similis
715 4157 833 4230 quarto
857 4153 962 4224 (οἰκεῖν
987 4186 1028 4194 -
1050 4152 1175 4228 νόμον).
1197 4152 1373 4212 Praeterea
1392 4165 1458 4211 non
1478 4153 1562 4210 satis
1581 4153 1658 4225 apte
1676 4150 1801 4212 iuvenis

571 4270 673 4331 verba
703 4270 909 4341 conaerenm,
931 4268 1132 4342 quapropter
1155 4280 1219 4325 non
1245 4265 1376 4325 videtur
1400 4262 1535 4324 dubium
1560 4263 1640 4337 quin
1664 4263 1732 4324 duc
1753 4261 1799 4322 tri·

570 4384 670 4445 metri
692 4381 930 4469 additamentis
952 4380 1161 4441 intermixtis
1182 4379 1216 4438 in
1239 4380 1308 4439 tres
1332 4378 1552 4453 excreverint,
1573 4379 1673 4452 poeta
1693 4380 1800 4438 autem

570 4500 652 4558 haec
675 4497 748 4557 sola
770 4496 915 4556 dederit:

604 4791 622 4856 ¹)
640 4793 684 4842 Βὶο
701 4795 723 4841 Β
740 4796 767 4840 ολ
784 4793 813 4850 V,
831 4792 877 4838 alii
896 4793 975 4849 λγιογο.
