4067 5950
572 698 637 757 842
1016 713 1058 758 nr
1081 713 1190 757 ruxdu
1212 712 1366 758 uniordo.

614 881 830 957 Indignamur
861 884 1090 945 temeritatem
1123 884 1298 944 hominum
1324 884 1573 959 imperitorum,
1598 884 1707 944 comici
1728 900 1786 944 rer·

570 999 663 1059 sibus
687 998 824 1059 verbula
846 999 1067 1075 interpretum
1091 1001 1390 1061 interserentium?
1420 1000 1642 1076 Inspiciamus
1663 998 1788 1058 Nubium
1857 1046 1858 1052 ,

571 1112 753 1173 editionem
789 1128 890 1187 quam
925 1114 1056 1175 curavit
1090 1114 1128 1175 d.
1164 1113 1350 1189 Hermann,
1387 1128 1451 1187 quo
1485 1113 1595 1174 lenius
1626 1113 1664 1172 de
1693 1112 1788 1172 huius·

571 1226 700 1287 oemodi
731 1227 898 1287 erroribus
929 1228 1114 1288 iudicemus
1149 1232 1182 1288 et
1217 1228 1332 1288 minus
1365 1228 1469 1287 etiam
1504 1226 1694 1287 dubitemus
1722 1226 1789 1298 quin
1854 1209 1858 1256 ³

571 1354 675 1415 prona
705 1341 740 1400 in
770 1355 828 1401 eos
859 1340 906 1401 sit
927 1356 1033 1419 ‚mens
1063 1341 1219 1403 humana.
1245 1340 1446 1417 Strepsiadis
1468 1340 1509 1400 ad
1534 1340 1702 1400 Socratem
1722 1341 1792 1397 sunt
1857 1313 1858 1378 3

573 1452 674 1514 rerba
692 1454 777 1515 Nub.
805 1457 909 1516 1146:

955 1565 1029 1627 ἀλλὰ
1053 1565 1174 1629 τουτονὶ
1196 1577 1317 1646 πρῶτον
1340 1565 1421 1648 λαβέ.

573 1679 676 1742 Reate
706 1681 741 1742 in
773 1681 800 1740 V
831 1686 865 1744 et
897 1683 930 1743 in
962 1683 991 1743 R
1021 1683 1225 1758 adscriptum
1251 1685 1319 1744 est:
1347 1683 1507 1759 ,θύλακον
1530 1681 1612 1765 αὐτῷ
1636 1679 1793 1740 ἐπιδίδωσιν

574 1791 733 1871 ἀιφίτων”
763 1798 797 1857 θῖ
828 1797 907 1858 aliis
930 1797 1042 1859 verbis
1069 1798 1103 1858 in
1127 1798 1252 1858 recenti
1275 1797 1387 1858 oodice
1410 1797 1561 1858 Parisino
1586 1783 1801 1870 (supplements

577 1910 669 1980 185):
703 1907 776 1986 ,adv
806 1910 958 1987 θύλακον,
989 1909 1022 1982 ὅς
1054 1908 1114 1970 ἔστι
1146 1908 1254 1987 μεστὸσ
1285 1908 1451 1986 ἀλφίτων.”
1483 1910 1565 1987 Quid
1596 1912 1704 1971 autem
1725 1908 1793 1968 Her·

574 2038 675 2085 mann
696 2026 898 2086 annotavit?
921 2025 1062 2101 ,Mirum
1085 2025 1137 2085 est
1157 2024 1242 2098 quod
1257 2070 1264 2086 .
1279 2068 1285 2084 .
1301 2069 1308 2085 .
1322 2025 1508 2101 adnotatio,
1529 2025 1559 2084 si
1578 2039 1645 2084 una
1663 2021 1794 2084 litterula

577 2138 748 2215 ,aooedat,
772 2140 967 2201 trimetrum
991 2138 1166 2215 praebeat:

711 2252 797 2330 ,adv
828 2252 1009 2315 θύλακόν
1045 2247 1158 2330 <γ’>,
1185 2250 1226 2312 ὅσ
1258 2250 1340 2312 ἔστι
1373 2251 1516 2330 μεστὸς
1548 2251 1727 2328 ἀλφίτων.

577 2366 693 2443 ,Haud
724 2365 878 2429 inficetas
908 2369 972 2429 erit
998 2367 1052 2428 hio
1076 2382 1194 2427 versus
1222 2367 1348 2442 sipost
1373 2383 1507 2429 versum
1536 2368 1621 2428 1146
1645 2367 1697 2428 vel
1718 2365 1793 2425 1147

573 2480 776 2542 inseratur.”

618 2593 733 2669 Ipsum
762 2597 958 2656 contextum
988 2595 1117 2671 inspice
1141 2597 1176 2656 et
1198 2596 1310 2655 tecum
1334 2595 1500 2671 perpende
1523 2594 1706 2655 Hermanni
1725 2590 1797 2652 illud

576 2707 683 2783 ,haud
715 2706 904 2785 inficetus”,
936 2724 997 2770 nee
1028 2708 1166 2769 dubium
1190 2707 1356 2769 videbitur
1387 2709 1465 2783 quin
1488 2709 1520 2767 id
1545 2708 1632 2781 quod
1655 2705 1797 2768 acciderit
1865 2749 1866 2756 ι

574 2820 783 2898 Hermanno,
827 2837 926 2897 quem
964 2824 1100 2884 honoris
1135 2837 1237 2883 eausa
1272 2837 1360 2883 nuno
1394 2822 1544 2898 nomino,
1581 2820 1694 2882 multis
1724 2819 1796 2878 olim
1857 2860 1866 2900 u

574 2936 722 2997 accidere
745 2936 889 3013 potuerit
913 2938 947 2998 et
968 2937 1037 2999 iere
1060 2936 1220 2999 debuerit.

619 3050 682 3110 Hic
704 3050 806 3125 igitur
829 3050 954 3112 saeculi
977 3051 1124 3126 proximi
1149 3054 1201 3111 est
1226 3066 1332 3125 error;
1354 3066 1442 3111 unus
1462 3051 1565 3111 etiam
1586 3050 1730 3124 addatur,
1749 3046 1796 3120 qui
1857 3015 1858 3026 ἵ

574 3164 696 3225 decimi
718 3164 837 3238 quinti.
862 3164 948 3226 Ecel.
972 3166 1039 3225 310
1063 3167 1140 3241 ροθῖ
1163 3164 1264 3226 verba
1287 3167 1403 3240 poetae

1348 3276 1406 3337 ὤσ-

1063 3414 1119 3470 περ
1144 3396 1396 3470 πηλοφοροῦντεσ

572 3506 606 3567 in
638 3506 748 3567 codice
772 3505 961 3566 Monacensi
985 3507 1062 3583 492,
1085 3507 1140 3580 qui
1165 3523 1207 3567 ex
1230 3506 1428 3567 Rauennate
1453 3507 1505 3566 est
1529 3504 1710 3580 exoriptus,
1733 3501 1794 3562 sub-

573 3620 681 3680 iectus
704 3622 757 3680 est
781 3619 834 3680 hio
857 3620 1015 3681 dimeter:

887 3729 934 3804 ὡς
966 3731 1220 3811 χειροτέχναι
1251 3730 1318 3792 καὶ
1350 3736 1557 3809 μισθωτοί.

575 3845 635 3922 Qui
665 3845 695 3905 si
725 3846 827 3905 etiam
858 3846 892 3906 in
924 3846 952 3906 R
982 3847 1159 3923 legeretur,
1192 3863 1257 3908 non
1282 3847 1412 3907 minore
1436 3846 1678 3921 permansisset
1699 3845 1730 3903 in
1751 3842 1795 3899 ho·
1856 3818 1859 3828 ’

573 3973 654 4018 nore
678 3993 718 4001 -
744 3960 881 4034 optimis
904 3962 992 4021 enim
1017 3961 1167 4021 numeris
1192 3964 1244 4022 est
1268 3962 1448 4036 conceptus
1471 3992 1514 4001 —
1537 3974 1638 4034 quam
1657 3959 1732 4018 sunt
1749 3954 1797 4014 illa

574 4088 658 4147 quae
678 4088 780 4147 supra
799 4073 988 4148 tetigimus:
1010 4073 1127 4159 μεγάλῳ
1148 4083 1233 4156 τυρῷ
1260 4071 1336 4145 [καὶ
1359 4082 1558 4150 πρηστῆρι
1584 4068 1794 4148 ξυστρέψας
1865 4146 1866 4152 ¹

573 4183 650 4257 uoci]
682 4187 887 4264 ξυγγογγύλας
919 4187 988 4248 vel:
1021 4195 1079 4246 νῦν
1111 4181 1138 4246 δ’
1175 4180 1420 4263 [ἀνδράποδ’,
1450 4183 1667 4263 ἠλιθίους,]
1698 4169 1820 4259 μθινᾶςῖΙ

575 4305 608 4360 et
632 4315 713 4360 suos
738 4301 839 4361 etiam
864 4317 953 4362 nunc
977 4302 1121 4363 fortasse
1146 4302 1310 4362 inveniret
1336 4302 1539 4361 defensores.
1560 4305 1562 4310 '

617 4526 663 4588 Ut
694 4530 800 4605 reete,
833 4529 882 4589 ita
912 4529 1104 4605 importune
1138 4527 1239 4588 verba
1271 4529 1388 4589 comici
1416 4529 1709 4603 interpretantium
1732 4523 1797 4584 sunt

574 4640 778 4703 emblemata
809 4658 894 4715 quae
926 4658 1028 4717 supra
1059 4641 1248 4703 attulimus.
1283 4641 1365 4702 Male
1399 4644 1510 4702 autem
1547 4644 1679 4717 poetam
1711 4640 1792 4700 inter·

573 4756 721 4833 pretanti
745 4756 858 4817 deberi
882 4756 1013 4816 videtur
1037 4771 1156 4817 versus
1180 4756 1315 4817 Thesm.
1341 4757 1423 4817 809:
