4067 5950
722 815 800 858 vrrs
824 815 863 857 ur
885 813 1055 859 ornareris.
1424 792 1499 856 ‘101

309 984 508 1046 contemtus
531 985 779 1047 mordacissimi
803 985 938 1060 plenum
963 989 1015 1045 est
1033 985 1195 1046 festivum
1214 985 1276 1046 hoc
1295 983 1504 1059 colloquium.

259 1097 304 1158 Et
323 1097 400 1158 aliis
419 1099 452 1159 in
476 1098 597 1160 tabulis
618 1100 861 1175 Aristophanes
884 1100 1076 1175 Euripidem
1097 1098 1342 1175 spectatoribus
1362 1099 1506 1159 deriden·

259 1211 343 1271 dum
368 1213 556 1288 propinavit
579 1214 654 1289 plus
677 1214 794 1275 semel.
820 1213 937 1286 Itaque
960 1213 1058 1274 facile
1082 1212 1287 1288 intellegitur
1306 1227 1382 1273 eum
1401 1227 1507 1286 neque

259 1324 375 1386 indole
399 1341 506 1399 neque
530 1328 652 1388 studiis
675 1326 811 1388 affinem
836 1328 912 1388 huic
935 1326 1085 1388 voluisse
1109 1326 1232 1387 haberi.
1257 1325 1370 1386 ‘Palem
1390 1327 1503 1386 tamen

259 1440 337 1498 tum
370 1454 407 1499 se
438 1440 620 1516 praestitit,
654 1455 730 1501 curn
763 1440 859 1500 sexui
888 1440 1038 1500 debiliori
1058 1439 1219 1500 maiorem
1243 1454 1342 1513 quam
1365 1438 1445 1500 olim
1468 1439 1502 1500 in

261 1555 338 1612 arte
370 1567 432 1613 sua
458 1552 575 1613 tribuit
598 1553 719 1615 locum.
744 1555 829 1614 Nam
853 1555 945 1631 prius
968 1566 1068 1627 quam
1093 1553 1127 1613 in
1152 1553 1354 1613 comoediam
1379 1553 1502 1615 Aristo·

260 1665 405 1742 phanes,
428 1667 463 1728 in
485 1667 690 1742 tragoediam
713 1668 870 1730 mulieres
893 1666 1023 1728 invexit
1044 1665 1223 1742 Euripides

309 1778 414 1841 veras
437 1781 580 1843 dicimus
603 1782 773 1844 mulieres.

310 1894 468 1969 Aeschyli
490 1911 546 1955 ars
569 1895 712 1957 habebat
738 1912 820 1958 sane
843 1895 1123 1972 Clytaemestram
1146 1896 1389 1971 Agamemnoni
1408 1911 1501 1972 oppo-

260 2008 382 2084 sitam,
407 2008 573 2070 Electram
596 2010 740 2071 habebat
758 2010 949 2071 adiunctam
969 2009 1088 2070 Oresti.
1108 2009 1170 2070 Sed
1194 2009 1271 2070 illae
1290 2009 1445 2070 heroinae
1464 2009 1497 2069 in

260 2122 448 2199 tragoedia,
472 2126 511 2183 ut
533 2123 566 2182 in
590 2123 664 2198 ipsa
686 2124 770 2200 vita,
796 2125 891 2184 erant
910 2123 973 2184 viri
993 2123 1102 2199 specie
1122 2122 1275 2184 muliebri
1294 2123 1412 2198 induti,
1434 2137 1500 2184 non

260 2236 406 2311 praediti
437 2236 591 2298 muliebri
615 2237 741 2310 indole;
764 2237 877 2310 itaque
904 2236 1095 2312 ,mulierem
1121 2239 1292 2297 amantem
1315 2251 1352 2297 se
1375 2235 1501 2296 nullam

259 2351 404 2410 iecisse”
429 2351 633 2425 Aeschylum
658 2350 804 2411 comicus
827 2349 924 2410 finxit
948 2350 1072 2426 optimo
1095 2351 1166 2410 iure
1189 2348 1397 2423 gloriantem.

308 2462 441 2523 Maioris
464 2463 596 2536 quidem
621 2465 785 2524 momenti
807 2464 965 2525 mulieres
989 2466 1084 2525 erant
1108 2463 1274 2539 Sophocli,
1296 2463 1390 2524 cuius
1410 2463 1500 2524 Anti·

260 2591 368 2650 genae
393 2591 490 2652 pares
514 2592 697 2652 perpaucas
716 2578 842 2653 peperit
860 2580 1034 2653 poetarum
1056 2592 1124 2654 ars,
1144 2577 1346 2652 superiorem
1360 2576 1501 2655 nullam,

262 2690 322 2750 aed
347 2704 424 2750 vere
447 2690 599 2751 virilibus
623 2691 802 2752 virtutibus
833 2692 915 2752 haec
945 2706 1074 2765 quoque
1107 2691 1243 2751 heroina
1265 2689 1502 2765 praecellebat;

260 2803 431 2863 fraternus
454 2803 543 2864 enim
567 2819 660 2865 amor
684 2805 819 2880 impulit
840 2806 881 2865 ad
905 2804 1013 2865 virilia
1036 2804 1188 2866 audenda
1211 2808 1245 2864 et
1263 2803 1384 2864 mortis
1402 2819 1502 2865 causa

261 2917 325 2979 tuit
349 2918 539 2979 constantia
562 2919 723 2980 interrita.

307 3032 482 3107 Euripides
518 3048 596 3093 vero
632 3033 812 3094 mulierum
848 3049 922 3094 eam
959 3049 1024 3107 qua
1058 3033 1177 3108 dignae
1212 3034 1307 3093 erant
1339 3033 1501 3094 rationem

261 3146 389 3207 habuit.
415 3147 546 3207 Priscae
568 3146 701 3222 reginas
724 3150 758 3207 et
783 3148 936 3208 heroinas
957 3147 1013 3207 alii
1034 3147 1295 3222 celebraverant,
1316 3146 1501 3207 fabulosam

261 3259 436 3320 historiam
471 3259 625 3334 religiose
659 3260 783 3321 secuti:
819 3260 875 3321 1111
910 3261 1054 3321 feminas
1084 3260 1200 3335 quales
1229 3262 1325 3320 norat
1354 3260 1500 3337 induxit,

261 3387 405 3445 quarum
434 3374 564 3447 pectus,
594 3374 631 3432 ut
661 3373 782 3449 amori,
811 3407 851 3417 -
877 3374 954 3434 huic
977 3374 1209 3448 potissimum!
1234 3406 1273 3417 -
1299 3374 1348 3434 sic
1370 3374 1445 3434 odio
1469 3377 1502 3434 et

261 3487 408 3547 invidiae
444 3488 476 3547 et
508 3487 697 3547 iracundiae
728 3487 877 3563 pervium
909 3488 1011 3547 variis
1042 3489 1211 3548 aestuaret
1242 3485 1428 3563 affectibus,
1460 3504 1503 3549 ex

263 3602 337 3674 ipsa
369 3600 439 3660 vita
470 3600 645 3660 desumtas
676 3602 710 3660 et
742 3615 818 3661 vere
849 3600 1012 3661 viventes.
1044 3600 1084 3660 Et
1109 3614 1252 3675 magnos
1274 3599 1349 3659 illos
1373 3602 1503 3679 poetas,

261 3728 404 3788 quorum
438 3713 591 3786 vestigiis
624 3713 763 3788 institit,
796 3713 874 3773 licet
904 3727 968 3773 non
1001 3714 1208 3788 aequaverit,
1239 3727 1363 3787 magna
1388 3715 1500 3776 tamen

263 3831 316 3888 est
352 3831 529 3888 assecutus
563 3829 598 3888 in
633 3827 880 3902 interpretando
914 3827 1027 3887 animo
1060 3826 1225 3887 muliebri.
1261 3827 1362 3887 Suam
1399 3828 1505 3889 vitam

263 3943 384 4001 vivunt
406 3941 551 4001 feminae
576 3956 653 4001 vere
672 3940 853 4016 femineae,
874 3955 956 4013 quas
976 3940 1127 4001 exhibuit
1145 3942 1179 4000 in
1199 3941 1376 4015 dramatis;
1399 3942 1506 4002 cordis

262 4055 365 4114 iussis
399 4053 628 4129 obtemperare
662 4057 697 4114 et
731 4068 792 4115 suo
826 4054 946 4114 iudicio
981 4056 1070 4114 stare
1106 4054 1241 4129 audent,
1273 4056 1307 4114 et
1336 4054 1503 4129 singulare

263 4168 349 4242 quod
380 4181 515 4241 operum
548 4167 800 4242 Euripideorum
832 4169 884 4227 est
915 4168 1029 4243 decus,
1061 4168 1257 4228 mulieribus
1291 4168 1502 4243 potissimum

263 4281 296 4341 id
319 4280 469 4342 debetur.

309 4391 512 4454 Criminibus
535 4409 616 4454 sane
639 4394 793 4469 plurimis
812 4396 846 4454 in
867 4394 939 4454 eius
957 4393 1081 4455 fabulis
1101 4394 1223 4468 petitae
1243 4397 1322 4455 sunt
1333 4395 1503 4471 mulieres,

266 4510 298 4567 et
322 4507 491 4568 interdum
514 4507 621 4567 invita
645 4509 716 4567 arte
739 4507 869 4582 poetica
893 4509 973 4567 sunt
996 4506 1139 4581 petitas;
1166 4538 1204 4547 -
1231 4522 1309 4567 nam
1335 4507 1432 4568 Iason
1453 4508 1505 4569 vel

267 4620 469 4697 Hippolytus
499 4635 575 4682 cum
603 4636 680 4697 ,pro
704 4621 890 4696 Iuppiterl”
915 4621 1055 4682 clamat:
1083 4620 1191 4696 ,male
1214 4623 1328 4681 actum
1352 4623 1405 4681 est
1427 4638 1502 4681 cum

269 4749 406 4808 ,genere
438 4734 598 4809 humano,
631 4735 716 4808 quod
747 4734 868 4795 liberos
899 4735 970 4794 sine
1001 4733 1168 4795 matribus
1202 4734 1292 4809 gigni
1322 4734 1501 4794 noluistit’'

267 4848 372 4909 risum
410 4846 542 4910 facilius
577 4862 678 4923 quam
713 4847 884 4909 horrorem
919 4847 1129 4910 audientibus
1163 4850 1276 4908 movet
1311 4862 1412 4909 saevo
1446 4847 1503 4908 illo
