4067 5950
683 723 725 770 nn
748 724 857 769 τοισιν
879 723 1034 770 rnnnrro.
1407 710 1472 769 317

418 894 498 955 οὕτω
518 890 548 954 δ’
568 890 589 966 ²)
613 888 805 974 ἰπολιόριιησ’
835 892 892 975 lydo
915 893 967 956 τὸν
991 888 1076 974 ἄνδρ’
1103 892 1219 955 ἐκεῖνον
1243 893 1363 972 ὅμως,

244 1024 357 1069 verum
381 1009 481 1070 habet
504 1009 548 1070 B:
573 1005 699 1085 ὠμῶς,
722 1009 849 1070 comer.

284 1122 325 1182 itt
359 1137 378 1183 e
411 1122 550 1184 scholiis
581 1125 620 1183 ut
649 1123 839 1198 proferatur
868 1121 992 1183 similis
1022 1136 1123 1197 error,
1155 1122 1298 1197 adLys.
1323 1123 1476 1185 baiuli

244 1236 321 1297 haec
351 1240 431 1298 sunt
462 1236 648 1313 adscripta:
684 1235 842 1313 „sinteca
867 1233 931 1295 ἐπεὶ
961 1231 978 1295 ὁ
1009 1235 1105 1313 δῆμος
1128 1244 1189 1295 τῶν
1209 1234 1376 1315 Ἀχαρνέων
1406 1235 1476 1298 ἔτε-

244 1349 398 1427 τίμηιο,
421 1348 474 1409 διὰ
497 1358 584 1409 τοῦτο
607 1347 661 1421 τὰς
684 1347 803 1409 ἐκεῖθεν
827 1349 984 1432 προσδοκᾷ
1007 1351 1189 1429 γοναῖιιας”.
1214 1350 1278 1410 Ubi
1297 1350 1475 1425 legendum

244 1477 314 1524 esse
345 1461 533 1542 ἐτέτμητο
561 1466 597 1525 et
619 1466 800 1526 contextus
824 1463 921 1526 docet
944 1465 978 1524 et
1000 1478 1113 1525 rerum
1139 1464 1173 1524 in
1197 1463 1282 1525 bello
1304 1466 1477 1538 gestarum

244 1578 415 1640 memoria.

286 1692 408 1753 Nomen
427 1694 602 1770 proprium
624 1693 658 1754 in
682 1694 711 1753 V
733 1696 769 1755 et
790 1694 819 1755 R
842 1692 931 1754 male
954 1695 1007 1753 est
1030 1692 1184 1753 habitum
1208 1692 1292 1753 Nub.
1317 1693 1401 1753 558:

376 1804 513 1880 Εὔπολις
536 1803 592 1887 μὲν
614 1806 668 1868 τὸν
693 1809 735 1866 Μ
739 1815 940 1887 ιιιιαριιιᾶν
963 1805 1132 1885 πρώτιστον
1156 1805 1365 1885 παρείλκυσεν.

244 1920 294 1982 Sic
316 1921 358 1998 R,
383 1922 466 1983 item
491 1918 585 1993 (ναν)
608 1920 647 1983 V.
671 1922 740 1985 Aut
763 1919 834 1992 τοὺς
857 1918 1027 1998 μακαρίους
1050 1922 1108 1982 aut
1131 1919 1216 1981 nihil
1239 1920 1400 1995 cogitavit
1423 1920 1479 1995 qui

244 2035 288 2094 ita
310 2036 458 2111 corrupit
481 2050 639 2097 numeros
662 2036 877 2112 Eupolideos3
902 2035 1032 2097 sincera
1051 2035 1200 2097 nominis
1222 2034 1332 2097 forma
1354 2036 1396 2094 M
1401 2055 1479 2113 ooa-

244 2156 310 2219 νος
334 2148 471 2209 aliunde
494 2149 639 2223 cognita.

330 2260 413 2323 Nub.
439 2262 517 2323 949.

375 2371 484 2455 ἄγριόν
506 2367 771 2455 τινα...οἷόνπερ
793 2373 847 2436 τὸν
871 2371 1083 2451 Ξενοφῶντα
1106 2374 1135 2434 V
1157 2390 1217 2450 pro
1240 2372 1421 2451 -φάνιου,

331 2490 408 2565 Lys.
434 2490 511 2551 679.

377 2600 506 2682 ἔγραψε
530 2601 767 2679 antinomia)
789 2605 820 2661 Γ
838 2618 896 2679 pro
920 2596 1027 2682 ἔγραψ’
1052 2596 1106 2678 ἐφ’
1133 2601 1271 2663 ἵππων.

287 2716 341 2776 Sic
371 2718 459 2792 tum,
492 2732 569 2777 cum
593 2716 745 2777 omnium
769 2716 804 2777 ln
827 2730 884 2778 ore
914 2719 988 2777 erat
1012 2730 1136 2778 nomen
1159 2716 1254 2778 ducis
1277 2718 1421 2794 strenui,
1445 2718 1478 2778 in

245 2830 373 2890 schedis
396 2845 480 2904 quas
503 2830 700 2906 typothetae
723 2830 807 2891 mihi
828 2829 1010 2891 mittebant
1033 2845 1053 2890 a
1076 2830 1166 2907 prelo
1186 2834 1337 2893 recentes
1356 2832 1478 2893 Aristo·

246 2942 360 3017 phanis
382 2943 545 3006 editorem
569 2942 666 3006 Bothe
688 2944 823 3021 saepius
846 2943 974 3007 iactum
999 2944 1069 3006 vidi
1092 2944 1205 3008 Bothe.

330 3058 418 3121 Eccl.
444 3060 522 3122 605.

377 3170 480 3244 οὐδεὶς
503 3168 596 3234 οὐδὲν
619 3176 821 3250 πνεύματι
845 3173 950 3252 δράσει
973 3176 1003 3233 Γ
1022 3187 1081 3250 pro
1104 3171 1231 3256 πενίᾳ.

288 3291 358 3352 lion
390 3292 511 3352 HGNI
537 3292 595 3355 sed
627 3275 712 3352 iffi
739 3294 851 3355 videre
882 3293 946 3354 sibi
967 3293 1063 3354 visus
1087 3295 1140 3354 est
1162 3293 1319 3356 librarius
1342 3297 1479 3356 nutans.

247 3403 337 3468 Idem
359 3406 499 3482 praebet
520 3407 645 3468 codicis
667 3409 697 3466 Γ
715 3407 818 3468 simia
838 3407 878 3469 B.

290 3518 405 3594 Qualia
434 3519 545 3580 textui
575 3520 713 3594 gravius
741 3534 862 3582 nocere
892 3534 958 3582 non
990 3520 1113 3596 solent,
1143 3521 1275 3595 egregie
1299 3520 1396 3582 enim
1427 3521 1478 3582 ab·

249 3633 345 3693 surda
371 3633 420 3694 sic
442 3634 627 3695 nascuntur
650 3633 746 3709 vitia,
771 3648 855 3707 qnae
878 3648 899 3693 a
921 3633 1041 3708 quovis
1064 3634 1189 3695 lectore
1213 3634 1312 3709 paulo
1335 3635 1482 3697 acutiore

248 3743 342 3806 facile
359 3748 596 3825 agnoscuntur,
620 3762 728 3821 neque
751 3747 895 3809 difficilis
918 3749 971 3809 est
994 3747 1229 3823 plerorumque
1252 3747 1482 3810 huiuscemodi

171 3924 172 3940 ρ
249 3857 393 3921 locorum
434 3861 607 3923 correctio.
643 3861 726 3922 Tum
762 3862 899 3923 demum
934 3863 1041 3922 instat
1073 3860 1273 3937 periculum,
1308 3877 1384 3924 cum
1420 3879 1479 3938 pro

171 4014 172 4017 ,
251 3974 355 4034 verbis
387 3976 529 4037 sinceris
563 3975 756 4036 scribuntur
790 3976 914 4036 vitiosa
946 3975 1095 4051 quidem,
1131 3976 1189 4035 sed
1220 3990 1305 4048 quae
1335 3977 1479 4051 speciem

171 4088 172 4091 ’
252 4090 335 4149 certe
368 4090 513 4150 habeant
546 4091 581 4150 et
612 4090 763 4150 numeris
793 4089 878 4149 satis
909 4091 1105 4164 congruant.
1137 4089 1190 4150 Sic
1212 4089 1247 4149 in
1269 4088 1338 4148 VR
1361 4090 1480 4150 ceteris

251 4198 321 4260 Pac.
345 4202 409 4262 999
433 4217 505 4276 sqq.
530 4203 613 4263 haec
635 4203 731 4263 eunt:

557 4312 608 4374 noel
631 4313 687 4392 τὴν
709 4312 827 4395 ἀγορὰν
849 4309 924 4392 ἡμῖν
947 4312 1077 4395 ἀγαθῶν

557 4425 773 4507 ἐμπλησθῆναι
796 4427 986 4509 μεγάλων·
1011 4427 1178 4508 σκορόδων,

559 4542 674 4604 σικύων
696 4540 754 4603 arf.
783 4616 795 4633 ·

286 4797 305 4860 ¹)
321 4802 382 4862 Leg.
400 4804 474 4858 οὕτως
489 4802 615 4863 (Brnnck)
632 4805 678 4850 ant
697 4803 759 4849 cito
772 4800 833 4856 Ἕνα.
850 4800 987 4864 (Dobree).
