4067 5950
694 786 736 830 na
759 786 868 831 narro
890 780 1044 830 resumo.
1419 768 1483 828 211

252 959 285 1017 et
314 957 565 1018 vWilamowitz
583 953 616 1027 ¹).
647 958 821 1019 Lacunosa
842 959 923 1017 sunt
945 955 1126 1017 admodum
1152 969 1214 1015 nee
1236 956 1302 1015 nisi
1322 970 1486 1031 perpauca

252 1069 358 1131 bonae
380 1071 487 1146 frugis
509 1070 679 1146 praebent.

295 1184 456 1245 Eiusdem
485 1183 555 1246 iere
585 1183 708 1245 aetatis
731 1186 784 1246 est
806 1185 1049 1259 fragmentum,
1074 1182 1192 1242 Auium
1215 1180 1347 1243 fabulae
1370 1196 1488 1243 versus

250 1296 379 1370 aliquot
409 1296 636 1374 complexum,
668 1297 754 1371 quod
780 1298 814 1357 in
838 1297 951 1358 Museo
973 1295 1126 1357 Parisino
1150 1298 1343 1356 asservatur
1357 1291 1391 1366 ¹).
1417 1296 1485 1357 Sin·

250 1410 348 1483 gulae
377 1410 532 1485 paginae,
564 1410 655 1471 illius
684 1414 774 1472 certe
804 1410 889 1487 folii,
923 1410 1020 1472 cuius
1049 1424 1126 1485 pars
1156 1412 1266 1485 extat,
1298 1425 1417 1471 versus
1442 1412 1484 1472 42

248 1521 417 1584 habebant
439 1526 607 1585 exaratos.

292 1636 406 1697 Etiam
437 1636 560 1698 codicis
590 1637 716 1698 saeculi
746 1628 787 1697 Χἰ
807 1638 1035 1712 fragmentum
1062 1637 1238 1698 inventum
1262 1638 1313 1697 est
1335 1637 1380 1707 (in
1404 1637 1484 1698 Lau·

248 1750 404 1811 rentiano
424 1751 478 1827 60,
492 1751 535 1827 9),
554 1751 612 1811 sed
631 1752 830 1827 rescriptum
849 1754 884 1811 et
903 1751 962 1811 vix
982 1752 1083 1812 etiam
1107 1751 1203 1828 utile,
1225 1766 1342 1812 versus
1361 1752 1483 1814 Avium

247 1864 427 1937 sexaginta
449 1864 695 1935 (1998-1453)
721 1867 887 1938 uteunque
911 1857 1119 1931 exbibens³t

290 1978 470 2039 Praeterea
498 1978 708 2039 saeculorum
739 1976 944 2038 xm-xvt
974 1978 1104 2039 codices
1134 1980 1252 2039 extant
1283 1981 1419 2039 centum
1451 1982 1485 2040 et

246 2091 392 2165 amplius
425 2086 560 2151 Plutum
595 2096 628 2153 et
661 2090 769 2153 Nubes
806 2092 1034 2166 continentem
1070 2106 1210 2165 quorum
1250 2092 1346 2166 pauci
1380 2093 1482 2153 etiam

246 2203 373 2282 Εοκαο,
413 2205 550 2281 Equites
585 2204 678 2282 dues,
714 2206 812 2281 paulo
847 2206 959 2281 plures
994 2205 1108 2267 Ranae
1142 2209 1176 2265 et
1207 2205 1347 2283 Equites,
1384 2207 1484 2267 multi

245 2317 361 2379 Βοκαο
398 2318 666 2394 complectuntur
691 2314 727 2390 4).
762 2318 812 2379 Ex
845 2335 912 2393 qua
945 2318 1111 2393 farragine
1145 2317 1259 2395 lectio,
1294 2320 1347 2379 cui
1382 2335 1481 2381 suum

244 2431 363 2509 etiam,
394 2434 574 2507 postquam
603 2435 758 2494 accurate
786 2432 951 2508 explorati
980 2431 1117 2492 suntR
1151 2435 1184 2493 et
1218 2431 1256 2508 V,
1293 2435 1383 2493 esset
1412 2448 1481 2508 pre·

245 2544 347 2620 tium,
375 2545 540 2607 haetenus
562 2546 684 2621 prodiit
706 2546 813 2622 nulla,
837 2560 943 2619 neque
967 2545 1038 2607 veri
1061 2545 1190 2606 videtur
1212 2544 1322 2605 simile
1344 2547 1482 2620 posthac

243 2658 461 2730 prodituram.
485 2659 746 2720 Emendationes
770 2659 845 2720 inde
868 2658 1009 2734 proferri
1036 2660 1177 2733 possunt
1199 2672 1279 2718 sane
1301 2658 1479 2735 plurimae,

244 2772 303 2831 sed
332 2771 418 2833 tales
453 2772 669 2849 potissimum
700 2773 815 2847 quales
849 2786 969 2834 omnes
1002 2771 1158 2832 omnibus
1187 2771 1332 2833 saeculis
1361 2775 1481 2848 sponte

243 2885 448 2947 invenerunt
469 2887 706 2962 Aristophanis
729 2887 880 2948 lectores.

287 3001 341 3060 Ex
363 3002 392 3062 A
416 3016 493 3063 vero
516 3004 550 3062 et
568 3003 598 3059 Γ
610 3001 701 3062 haud
719 3016 837 3078 parum
857 3000 940 3062 lueri
959 3001 1057 3061 duxit
1077 3003 1192 3061 textus
1212 3000 1477 3063 doborueum'um.

243 3113 328 3174 Nam
359 3114 485 3175 leviora
516 3117 552 3176 ut
580 3116 732 3192 mittam,
758 3114 870 3189 qualia
891 3119 970 3176 sunt
994 3114 1076 3175 Aah.
1101 3115 1143 3177 86
1173 3113 1272 3187 ὅλους)
1299 3111 1410 3188 ὀπτοὺς
1435 3117 1477 3193 R,

244 3227 308 3286 279
332 3227 520 3306 κρεμήσεται]
543 3227 782 3306 κοεμαοθήσεται
807 3228 849 3304 R,
875 3261 916 3273 -
941 3228 1022 3288 talia
1044 3229 1134 3288 enim
1160 3228 1282 3290 codicis
1306 3229 1334 3288 R
1357 3231 1478 3291 menda

243 3344 429 3414 arguuntur
460 3345 583 3419 metro,
616 3377 656 3386 -
688 3344 724 3403 at
753 3343 874 3403 desunt
901 3342 936 3415 in
969 3341 997 3402 R
1028 3357 1147 3402 versus
1171 3343 1348 3404 816-871
1373 3358 1478 3419 paene

241 3454 318 3529 toti,
344 3457 378 3516 et
400 3471 519 3516 versus
543 3457 619 3532 911,
649 3457 745 3532 1091,
773 3456 869 3532 1141,
898 3456 982 3516 1111
1008 3455 1071 3516 toti
1086 3449 1120 3525 ὅ).

284 3567 442 3628 Nonnihil
464 3570 499 3628 in
522 3568 700 3646 lusurus
721 3567 859 3631 debetur
878 3569 981 3629 codici
1005 3570 1047 3628 P:
1069 3568 1134 3629 352
1155 3567 1241 3640 ἰδεῖν]
1263 3583 1328 3630 om.
1349 3570 1387 3647 R,
1409 3571 1474 3631 366

240 3679 412 3753 κονδύλοις]
448 3681 606 3754 δακτύλοις
636 3683 673 3760 R,
706 3683 771 3744 408
803 3685 837 3744 et
867 3682 932 3743 613
964 3679 1165 3753 ἐπεσκεύασας
1195 3684 1228 3742 et
1258 3679 1381 3758 -σμένα]
1415 3681 1475 3742 dea.

275 3976 293 4036 ¹)
311 3981 429 4029 Berliner
445 3980 650 4032 Klaaeilrertsxte
667 3983 697 4041 V,
715 3984 740 4041 9,
758 3984 832 4040 1901,
850 3985 976 4030 99-118.

274 4055 293 4118 ¹)
312 4060 401 4107 Edidit
421 4062 487 4110 Wsil
509 4062 571 4109 Ber.
595 4063 628 4109 de
645 4060 740 4110 Philol.
760 4064 825 4110 1889
844 4076 870 4122 p.
888 4063 1031 4110 119-185.
1050 4062 1170 4122 Optimae
1186 4060 1314 4108 leotiones
1330 4062 1373 4111 hio
1391 4065 1474 4113 oodex

241 4138 352 4195 praebet
369 4153 406 4188 vs.
425 4141 491 4188 1618
509 4144 537 4188 et
555 4142 629 4189 1080.

272 4212 293 4276 ³)
311 4218 401 4266 Edidit
416 4216 475 4266 Keil
491 4217 520 4266 in
539 4221 637 4268 Herma
656 4222 720 4269 1891
740 4234 766 4281 p.
786 4221 929 4268 198-196.

272 4292 293 4352 ι)
311 4298 410 4345 Horum
434 4301 635 4359 ceterorumque
657 4299 779 4347 oodioum
802 4299 997 4359 Aristophanis,
1015 4299 1061 4359 qui
1078 4299 1208 4346 haetenus
1226 4303 1289 4347 sunt
1306 4299 1424 4360 indagati
1440 4329 1472 4336 -

241 4377 397 4434 exemplaria
414 4379 494 4425 etiam
510 4376 693 4426 recentissima
713 4383 739 4426 et
756 4392 826 4438 qnae
845 4379 946 4426 sobolia
963 4379 1020 4425 sola
1036 4379 1078 4424 rel
1096 4378 1244 4426 fabularum
1263 4382 1352 4439 partes
1370 4383 1471 4429 tantum

241 4454 364 4511 praebent
379 4469 439 4504 oum
457 4460 630 4505 numerantur
646 4461 750 4516 ennom,
766 4459 880 4505 ducenta
895 4460 922 4504 et
935 4457 1111 4516 qnadraginta
1126 4461 1187 4504 snut
1204 4459 1304 4505 tere-
1322 4460 1471 4519 catalogum

241 4531 435 4592 integerrimum
458 4540 486 4583 et
507 4539 569 4597 apte
593 4536 752 4597 dispositum
775 4538 910 4596 evulgavit
927 4537 949 4583 1.
967 4537 1005 4584 11.
1023 4537 1108 4584 white
1131 4534 1160 4582 in
1185 4537 1245 4584 nori
1268 4538 1353 4584 Musei
1377 4540 1471 4598 aridei,

241 4609 283 4657 oui
304 4627 397 4662 nomen
419 4614 547 4663 (llassloal
569 4616 716 4676 Philology,
739 4617 871 4664 volumine
895 4616 980 4677 primo
1001 4613 1138 4678 (Obioagu
1163 4617 1248 4676 1906).
1271 4617 1328 4673 Quo
1345 4616 1373 4664 in
1390 4632 1470 4679 opere

239 4688 379 4741 utilissimo
393 4694 492 4741 multos
506 4707 608 4743 errores
622 4696 736 4743 eorrexit
749 4698 776 4742 et
790 4695 869 4743 multi
882 4693 995 4751 radiosa,
1011 4692 1058 4752 qni
1073 4692 1153 4741 variis
1162 4696 1313 4743 nominibus
1321 4697 1470 4758 litterisque

241 4785 255 4816 a
270 4774 348 4820 variis
365 4773 513 4821 editoribus
529 4778 591 4822 sunt
607 4776 747 4834 designati,
764 4788 816 4834 qno
833 4775 891 4822 loeo
908 4776 960 4822 iam
978 4779 1148 4820 asserventur
1165 4772 1300 4823 indioavit.

271 4847 292 4910 ι)
310 4853 433 4901 Versibus
452 4854 516 4901 1141
535 4858 562 4902 et
580 4854 644 4902 1111
662 4852 790 4901 librarius
807 4851 906 4901 oodioia
922 4855 945 4901 B
962 4853 1078 4914 spatium
1098 4856 1170 4900 oerte
1186 4852 1304 4914 reliquit.
