4067 5950
664 821 744 866 1111
767 821 807 867 rr
831 821 1000 867 ornamus.
1385 812 1446 874 161

217 993 345 1068 optimo
368 994 440 1055 iure
462 995 571 1070 potuit
593 995 767 1070 perhiberi.
792 994 939 1071 Quocum
963 994 1021 1068 qul
1041 997 1212 1071 comparat
1231 997 1451 1072 agricolarum

217 1107 337 1168 choros
361 1108 451 1186 illos,
475 1123 559 1182 quos
582 1108 814 1169 Acharnenses
838 1110 871 1169 et
893 1109 964 1168 Pax
987 1109 1110 1170 habent
1128 1110 1274 1187 fabulae,
1295 1111 1449 1172 dissimil·

216 1220 317 1282 limos
348 1237 423 1282 esse
453 1222 573 1283 statim
600 1222 716 1286 sentit.
740 1221 813 1282 Illic
836 1221 907 1282 vita
931 1223 1129 1284 exuberanti
1151 1223 1301 1285 tremunt
1324 1225 1450 1302 omnia,

218 1334 368 1396 clamant
398 1351 514 1396 omnes
545 1338 580 1397 et
609 1338 798 1412 moventur,
830 1335 952 1411 singuli
983 1338 1096 1397 autem
1120 1339 1233 1398 motus
1257 1338 1452 1413 singulaque

217 1448 320 1508 verba
349 1449 540 1510 necessaria
570 1451 650 1510 6111
678 1450 719 1511 ad
751 1465 827 1510 eum
851 1450 907 1522 qui
937 1449 1062 1525 petitur
1085 1450 1216 1511 fabulae
1239 1449 1337 1512 finem
1363 1467 1451 1513 asse·

217 1561 404 1634 quendum:
431 1597 472 1607 -
496 1563 550 1624 hic
573 1563 734 1639 strepitus
756 1563 888 1637 quidem
913 1566 966 1625 est
989 1564 1118 1625 affatim
1143 1578 1204 1627 nec
1227 1564 1350 1626 desunt
1372 1566 1451 1643 ioci,

217 1674 273 1736 sed
310 1675 444 1737 inutilia
477 1679 558 1738 sunt
591 1692 631 1738 ea
665 1680 795 1751 omnia;
828 1676 911 1738 nihil
939 1677 982 1739 iis
1016 1677 1166 1754 officitur,
1201 1678 1283 1739 nihil
1317 1680 1450 1754 petitur.

218 1789 395 1863 Agricolae
425 1790 461 1850 hi
490 1805 596 1866 neque
625 1790 750 1852 habent
771 1792 857 1866 quod
880 1794 983 1866 agant
1008 1806 1114 1866 neque
1138 1795 1241 1868 agunt
1264 1793 1450 1868 quicquam.

218 1903 464 1965 intermortuus
495 1907 548 1965 est
577 1906 697 1966 chorus
728 1906 890 1983 comicus,
914 1939 954 1950 -
978 1908 1017 1966 ut
1047 1907 1208 1982 tragicus,
1234 1941 1275 1951 -
1299 1921 1362 1968 nec
1383 1909 1449 1970 nisi

219 2017 364 2091 speciem
388 2017 533 2092 aliquam
556 2022 672 2080 servat
689 2019 780 2080 vitae
803 2019 974 2094 pristinae.
998 2019 1084 2081 Olim
1108 2035 1175 2082 non
1199 2020 1310 2081 solum
1329 2022 1451 2082 actoris

219 2131 362 2192 officium
394 2133 528 2194 strenue
556 2147 725 2211 peragere,
758 2135 817 2196 sed
844 2134 947 2196 etlam
973 2168 1013 2179 -
1038 2135 1234 2210 praesertim
1258 2134 1293 2194 in
1316 2133 1449 2195 interlu-

219 2246 309 2306 sione
335 2279 377 2289 —
401 2246 442 2306 de
471 2246 570 2308 rebus
596 2247 737 2323 publicis
759 2250 877 2323 poetae
899 2249 1033 2309 nomine
1059 2248 1158 2309 verba
1180 2248 1288 2309 iacere
1312 2246 1450 2309 solebat.

218 2357 380 2420 Primitus
397 2373 486 2420 unus
496 2358 657 2434 regnabat
669 2361 702 2422 in
714 2360 853 2436 Dionysi
864 2361 1084 2423 sollemnibus
1096 2361 1316 2438 celebrandis,
1336 2364 1454 2438 postea

219 2470 364 2544 plurima
383 2475 475 2534 certe
495 2489 608 2534 eorum
628 2489 707 2550 pars
726 2474 862 2536 1161111
884 2474 956 2535 6116
975 2475 1119 2551 cantica,
1139 2475 1213 2536 dein
1233 2489 1311 2536 vero
1331 2473 1451 2538 linibus

220 2585 401 2647 artioribus
431 2588 511 2648 sunt
541 2588 806 2664 circumscripta,
838 2589 872 2649 et
899 2588 978 2649 dum
1010 2590 1129 2650 auctae
1159 2591 1241 2649 sunt
1263 2588 1449 2650 fabularum

219 2713 378 2760 mensura
400 2702 436 2760 61
457 2715 513 2760 ars
536 2704 570 2762 61
592 2702 664 2776 ipse
682 2700 889 2776 loquentium
910 2716 1071 2763 numerus
1090 2703 1143 2763 est
1161 2704 1292 2778 auctus,
1312 2703 1452 2764 minoris

220 2814 347 2872 sensim
370 2815 536 2875 momenti
557 2815 667 2876 iactus
685 2817 738 2875 est
757 2814 886 2876 chorus.
908 2814 959 2875 1111
977 2815 1150 2891 sophoclis
1170 2814 1286 2876 ultimo
1298 2816 1452 2877 dramate

220 2924 404 2989 Philoctete
434 2928 601 2989 removeri
623 2927 730 3003 possit
752 2928 825 2989 sine
848 2927 955 3004 ipsius
977 2926 1109 2991 fabulae
1131 2929 1347 3005 detrimento,
1371 2929 1453 2991 item

220 3054 237 3100 e
254 3039 423 3116 plerisque
442 3041 604 3103 dramatis
622 3041 801 3118 Euripidis,
822 3042 1020 3103 fortassean
1033 3041 1199 3103 omnibus.
1212 3042 1453 3118 Aristophanes

221 3157 333 3215 autem
364 3155 484 3230 prioris
515 3156 638 3217 saeculi
668 3155 817 3230 reliquiis
846 3155 915 3217 illis
946 3156 1045 3217 choro
1073 3156 1266 3218 felicissime
1289 3157 1451 3218 hactenus

221 3283 300 3329 usus
324 3268 448 3346 fuerat,
474 3284 578 3345 nuper
600 3284 731 3344 quoque
752 3271 786 3330 in
810 3269 1024 3332 Feminarum
1049 3270 1205 3347 Imperio,
1223 3271 1350 3331 -iam
1371 3284 1450 3331 vero

221 3383 304 3455 quod
337 3398 376 3444 eo
406 3386 485 3458 agat
515 3383 573 3443 vix
604 3384 717 3460 habet,
752 3385 841 3445 certe
869 3384 929 3444 vix
959 3383 1137 3458 quicquam
1165 3398 1204 3445 eo
1227 3384 1308 3458 agit.
1333 3382 1450 3459 Quam·

222 3509 320 3568 quam
352 3511 417 3556 non
449 3469 567 3571 poetae
593 3496 676 3558 haec
698 3496 763 3557 1111
786 3497 883 3573 eulpa
905 3498 964 3558 sed
987 3512 1098 3558 rerum
1124 3497 1348 3573 mutatarum3
1373 3512 1452 3558 nam

221 3609 253 3667 in
276 3610 415 3671 civitate
439 3610 535 3685 inope
555 3625 631 3671 cum
655 3610 743 3671 ludis
769 3611 910 3672 scenicis
928 3610 1060 3685 parcius
1081 3610 1256 3671 instructis
1277 3612 1451 3671 cantorum

222 3724 399 3796 peritorum
432 3728 567 3787 caterva
596 3727 758 3802 praestari
788 3742 854 3788 non
885 3730 1011 3802 posset,
1036 3728 1205 3788 mutarum
1233 3741 1452 3802 personarum

222 3835 331 3898 iactus
362 3840 414 3899 est
442 3840 575 3916 chorus,
608 3840 701 3900 cuius
724 3839 799 3901 duci
821 3840 885 3901 soli
908 3839 1033 3913 aliquot
1056 3839 1211 3901 versiculi
1234 3840 1351 3900 tributi
1374 3841 1453 3900 sunt

223 3952 391 4014 recitandi.
423 3953 529 4015 Adest
559 3953 693 4030 chorus,
726 3954 804 4028 quia
834 3952 953 4015 abesse
983 3968 1061 4014 eum
1093 3968 1160 4014 non
1191 3953 1272 4013 sinit
1302 3968 1390 4030 mos,
1419 3955 1454 4014 61

224 4068 380 4139 quoniam
400 4069 508 4145 adest,
529 4069 610 4129 dicit
628 4069 803 4144 nonnulla;
827 4069 885 4130 sed
906 4085 989 4144 quae
1008 4070 1098 4131 dicat
1117 4084 1234 4130 revera
1253 4084 1318 4129 non
1343 4068 1452 4129 habet.
1526 4071 1529 4079 '

224 4181 400 4243 1116111616
413 4182 507 4243 nulla
518 4185 583 4259 est,
601 4216 643 4227 —
656 4197 720 4256 qua
733 4184 836 4244 etiam
848 4183 1061 4243 Feminarum
1073 4184 1254 4259 Imperium
1268 4183 1388 4259 caruit,
1410 4216 1451 4226 -

225 4296 278 4355 sed
308 4297 396 4356 inter
419 4298 515 4357 actus
537 4296 577 4356 ad
600 4297 718 4357 tibiam
743 4296 887 4358 saltatur
910 4296 1044 4370 aliquid.
1068 4294 1206 4356 Cantica
1229 4296 1301 4357 sine
1324 4295 1450 4357 verbis!

226 4405 415 4471 cuiusmodi
444 4410 522 4483 quid
553 4410 583 4470 si
613 4425 714 4471 ausus
737 4410 817 4470 olim
841 4410 962 4471 fuisset
983 4409 1170 4487 Euripides,
1194 4409 1340 4484 proiecto
1363 4409 1453 4470 haud

226 4520 358 4597 impune
381 4538 438 4598 per
462 4523 718 4600 Aristophanem
742 4523 894 4585 tulisset!

267 4749 464 4826 Opulentiae
494 4750 554 4812 deo
578 4753 754 4826 postquam
778 4750 934 4811 restituta
957 4753 1009 4811 est
1031 4751 1119 4811 acies
1142 4749 1325 4826 oculorum,
1349 4751 1454 4811 altera

228 4865 354 4927 fabulae
378 4881 456 4943 pars
479 4866 574 4927 docet
597 4867 760 4939 quantum
783 4863 979 4925 mortalibus
1002 4865 1108 4940 prosit
1130 4864 1188 4925 ille
1212 4866 1361 4925 sanatus.
1384 4864 1453 4940 Qua

278 4972 326 5016 Aa
1339 4969 1364 5012 11
