4067 5950
673 756 715 801 DE
738 755 846 804 Tmo
870 755 1023 801 mmm.

414 923 550 1003 εὐφημία
573 925 655 987 ἔσται.
681 962 721 973 -
746 927 788 1006 μυ]
811 928 944 1012 κατόρξη
968 939 1022 989 τοῦ
1045 929 1168 1008 τράγου.

344 1072 388 1082 -
413 1038 450 1099 σὺ
475 1034 504 1098 δ’
530 1033 559 1100 εί
580 1042 640 1115 τίςς
666 1076 706 1087 -
732 1041 828 1114 δστιςς
852 1041 1070 1122 χρησμολόγος.
1089 1078 1126 1087 ·-
1148 1041 1256 1121 οἴμωζέ
1280 1067 1346 1105 νυν.

346 1187 389 1196 -
414 1145 438 1212 ὦ
462 1154 610 1233 δαιμόνιε,
631 1154 669 1216 τδι
692 1161 764 1218 θεῖα
787 1155 830 1235 μὴ
853 1158 977 1233 φαύλως
1001 1154 1083 1236 φέρε·

412 1265 453 1338 ὥς
476 1266 537 1328 ἔστι
561 1270 692 1343 Βάκιδος
714 1270 862 1349 χρησμός,
884 1267 1027 1347 ἄντικρυς
1050 1268 1146 1349 λέγων

413 1380 454 1453 εἰς
478 1380 530 1454 τὰς
553 1383 850 1464 Νεφελοκοκκυγίας.
878 1419 916 1429 -
941 1382 1070 1444 κόπειτα
1094 1394 1159 1457 πῶς

411 1490 491 1554 ταῦτ’
518 1494 575 1556 οὐκ
598 1493 827 1576 ἐχρησμολόγεις
850 1497 888 1557 σὺ
912 1494 984 1576 πρλν
1008 1494 1070 1574 ἐμὲ]
1095 1496 1165 1575 τὴν
1187 1499 1306 1560 πόλιν

411 1603 497 1684 τήνδ’
524 1609 652 1683 οἰκίσαις

322 1721 385 1782 Αν.
409 1723 485 1784 974.

411 1834 508 1897 ἔνεστι
529 1835 579 1897 καί
602 1837 639 1898 τδι
661 1838 783 1911 πέδιλας
808 1844 862 1913 [-
886 1835 980 1918 λαβὲ
1003 1838 1043 1900 τὸ
1067 1839 1236 1919 βιβλίον.

411 1949 463 2010 καλ
485 1951 600 2031 φιάλην
624 1952 735 2013 δοῦναι
758 1950 809 2013 καλ
831 1952 1011 2032 σπλάγχνων
1035 1947 1104 2031 χεῖρ’
1130 1951 1297 2031 ίνιπλῆσαι.

346 2098 387 2108 -
412 2062 464 2125 καλ
486 2066 641 2146 σπλάγχνα
665 2065 786 2127 διδόναι
807 2065 932 2140 ἔνεστις]
957 2102 998 2112 -
1022 2063 1115 2147 λαβὲ
1138 2066 1177 2128 τὸ
1202 2069 1221 2147 β
1230 2067 1371 2147 ιβλίον.

323 2181 385 2240 Αν.
413 2180 510 2241 1385.

411 2291 634 2372 ἀεροδονήτους
657 2293 708 2354 καλ
731 2294 919 2374 νιφοβόλους
942 2293 1029 2369 [ἀνα
1037 2295 1168 2375 βολάς.

345 2439 389 2449 -
413 2404 446 2466 ἐκ
470 2416 529 2467 τῶν
552 2414 690 2485 νεφελῶν
713 2408 769 2489 γὰρ
793 2407 832 2469 όίν
855 2412 911 2482 τις]
937 2407 1140 2489 δναβολδις
1164 2409 1295 2489 λάβοις

322 2522 407 2583 Nub.
434 2523 532 2584 1089.

635 2645 944 2717 συνηγοροῦσιν
967 2634 1008 2697 ίκ
1031 2635 1170 2709 τίνανς

569 2784 609 2795 -
634 2748 670 2823 ἐξ
693 2749 993 2832 εὐρυπρώκτων.
1015 2784 1056 2796 -
1079 2749 1248 2829 [πείθομαι.

635 2863 665 2924 τί
686 2863 752 2938 δαίς
774 2859 959 2951 τραγῳδοῦσ’
987 2862 1020 2925 ίκ
1042 2863 1150 2938 τίνωνς

571 3013 612 3024 -
637 2977 667 3052 ἐξ
690 2978 921 3060 εὐρυπρώκτων.
943 3011 988 3022 -
1010 2968 1046 3040 εδ
1069 2976 1172 3060 λέγεις.

637 3094 914 3174 δημηγοροῦσι
937 3087 965 3154 δ’
993 3090 1033 3154 ἐκ
1060 3093 1194 3165 τίνανς

581 3243 611 3254 -
636 3208 672 3283 ἐξ
696 3209 1008 3291 εὐρυπρώκτων]
1034 3201 1092 3288 ἆρα
1117 3201 1178 3286 δῆτ’
1204 3205 1262 3267 κτὲ.

324 3325 385 3386 Av.
409 3326 485 3386 662.

414 3437 634 3518 ἐκβίβασον
658 3437 703 3512 [ἐκ
725 3447 779 3500 τοῦ
803 3437 956 3518 βουτόμου
980 3434 1170 3516 τούρνίθιον.
1244 3404 1248 3410 ³

349 3587 388 3597 —
413 3550 503 3633 δικβί
508 3553 528 3631 β
536 3556 641 3625 ασον]
666 3551 762 3614 αδτοῦ
786 3550 862 3630 πρὸς
884 3557 969 3612 θεῶν
992 3550 1106 3628 αότήν,
1128 3547 1186 3610 κτὲ.

325 3667 408 3728 Rau..
435 3667 533 3728 1200.

414 3777 487 3840 ἀπὸ
512 3779 713 3856 ληκυθίου
737 3783 805 3853 [σου
828 3779 900 3853 τοὺς
923 3779 1093 3860 προλόγους
1115 3779 1283 3856 διαφθερῶ.

351 3927 390 3939 -
414 3891 490 3953 ἀπὸ
514 3893 726 3971 ληκυθίου]
751 3893 789 3954 σὺ
812 3893 884 3965 τοὺς
907 3891 1017 3972 ίμοόςς
1045 3926 1082 3938 -
1107 3889 1175 3966 ἓνὸς
1195 3890 1305 3980 μόνου.

285 4121 392 4182 Codex
413 4123 442 4182 R
464 4123 598 4197 propria
619 4121 721 4184 habet
743 4123 826 4183 haec
849 4121 1105 4197 haplographiae
1129 4120 1299 4195 exempla:

328 4236 407 4301 Ach.
434 4236 510 4296 916.

414 4347 447 4408 ε’κ
470 4358 529 4408 τῶν
551 4349 702 4427 πολεμίων
725 4347 853 4428 ελσόγεις
878 4347 1151 4425 [θρυαλλίδας.

351 4496 392 4504 -
415 4462 515 4523 ἔπειτα
537 4463 658 4539 φαίνεις
681 4464 758 4542 δῆτα
782 4462 844 4536 διδι]
869 4461 1045 4541 θρυαλλί
1053 4461 1071 4521 δ
1079 4485 1131 4532 ας.

329 4577 409 4642 Nub.
433 4579 509 4640 689.

415 4700 479 4763 πῶς
502 4687 541 4749 διν
563 4687 716 4762 καλέσειας
740 4688 871 4768 ἔντυχδιν
896 4687 1084 4771 [Ἀμυνίας

355 4839 392 4848 -
417 4804 500 4876 ὅπως
523 4801 575 4877 όίνς
600 4801 664 4864 ὡδί·
689 4803 795 4884 δεῦρο,
819 4796 922 4882 δεῦρ’]
944 4799 1109 4880 Ἀμυνία.
