4067 5950
678 823 720 868 on
743 822 852 868 rnxru
874 822 1027 869 rmorro.
1399 809 1463 871 275

282 996 458 1058 Recentior
477 998 512 1059 et
529 996 672 1058 deterior
689 1000 724 1059 et
741 998 922 1059 lacunosus
940 998 1135 1073 admodum,
1155 1012 1220 1058 non
1239 997 1337 1073 plane
1355 1001 1470 1060 tamen

242 1110 516 1187 contemnendus,
537 1113 589 1171 est
607 1110 733 1172 saeculi
751 1109 838 1171 xlvi
855 1112 960 1173 codex
979 1113 1262 1174 Laurentianus
1279 1114 1331 1183 81,
1349 1114 1389 1175 15
1410 1109 1467 1194 (P)

239 1224 271 1282 in
300 1224 419 1284 charta
447 1223 646 1299 bombycina
675 1226 831 1301 scriptus.
865 1225 926 1300 Qui
956 1227 1088 1300 praeter
1118 1228 1259 1298 quatuor
1282 1227 1471 1299 tragoedias

240 1338 401 1412 Euripidis
424 1337 525 1400 habet
548 1338 782 1413 Aristophanis
805 1339 1037 1414 saturaremur,
1058 1338 1286 1399 Ecctaeicausas
1299 1342 1469 1417 (-1135),

240 1449 363 1523 Equites
399 1451 533 1522 (desunt
563 1452 767 1529 teo-547),
800 1452 893 1528 Aous,
928 1451 1156 1528 Luautrctum,
1194 1452 1320 1528 Veopce,
1357 1453 1470 1513 Pacem

240 1564 439 1641 (371-947,
475 1565 707 1643 1012-1126,
739 1567 980 1630 1191-18001.
1007 1566 1119 1629 Habet
1143 1600 1183 1609 -
1208 1567 1312 1627 immo
1336 1568 1470 1629 habuitt

240 1676 320 1737 Nam
353 1680 424 1739 tres
454 1678 534 1739 olim
564 1678 673 1740 evulsi
702 1682 781 1741 sunt
806 1680 1054 1755 quaterniones,
1079 1680 1114 1739 in
1137 1678 1259 1753 quibus
1277 1680 1473 1755 legebantur

239 1793 297 1852 Av.
333 1793 420 1853 1120
451 1808 534 1870 sqq,
566 1794 769 1870 Lysistrata,
794 1793 892 1870 Vesp.
928 1795 1070 1857 1-420.
1094 1794 1262 1855 Foliorum
1286 1796 1404 1855 horum
1429 1796 1471 1855 24

239 1920 314 1978 pars
338 1906 480 1983 interiit,
505 1907 634 1982 reliqua
659 1910 698 1969 15
722 1908 860 1968 Leidam
884 1908 1079 1969 aberrarunt
1096 1902 1128 1983 ²),
1153 1908 1186 1968 in
1210 1908 1329 1983 quibus
1354 1912 1473 1971 extant

188 2032 191 2039 ·
239 2019 297 2079 Av.
325 2020 412 2081 14o2
441 2037 512 2096 sqq.
537 2022 614 2097 hys.
641 2023 759 2099 1-61,
788 2022 975 2098 182-199,
1001 2022 1190 2099 868-819,
1216 2022 1417 2083 890-1034
1437 2019 1471 2095 ²).

239 2131 427 2195 Florentiae
449 2138 630 2212 supersunt
652 2136 731 2197 iolia
758 2137 833 2197 188.

280 2246 319 2306 In
351 2232 495 2323 singulis
523 2250 620 2310 lineis
649 2249 744 2311 binos
775 2265 892 2311 versus
923 2250 976 2311 hic
1006 2250 1111 2310 codex
1134 2250 1236 2311 habet
1257 2251 1471 2327 perscriptos

240 2362 270 2420 et
292 2360 358 2421 hac
380 2362 415 2422 in
438 2378 473 2424 re
496 2366 531 2423 et
552 2365 624 2439 ipso
648 2366 745 2425 textu
770 2364 965 2425 simillimus
990 2364 1094 2424 codici
1117 2365 1156 2424 A.

281 2614 426 2675 Restant
450 2616 734 2678 commemorandi
757 2616 882 2677 saeculi
906 2612 994 2676 XIV¹
1020 2615 1166 2677 codices:

282 2731 566 2795 Laurentianus
583 2734 830 2795 Florentinus
847 2733 918 2793 140
935 2731 988 2813 (A
1008 2732 1038 2792 F
1055 2732 1164 2815 2779)
1182 2730 1255 2791 sive
1272 2724 1298 2795 Θ
1318 2730 1470 2792 foliorum

178 2888 186 2928 3
242 2844 314 2921 185,
340 2846 395 2919 qui
420 2844 561 2927 Plutum,
585 2845 701 2921 Nubae,
726 2845 864 2927 Equites,
887 2844 1001 2905 Rauca
1024 2844 1184 2905 continet.
1473 2890 1475 2895 ,

281 2960 495 3024 Vaticanus
506 2962 676 3024 Urblnas
685 2961 747 3023 141
757 2960 848 3043 (U),
864 2958 953 3020 foliis
969 2958 1030 3019 191
1044 2960 1176 3034 praeter
1187 2958 1330 3032 quinque
1343 2958 1472 3020 fabulae

177 3070 179 3092 ³
239 3073 411 3148 Sophoclis
440 3074 638 3150 complexus
667 3074 902 3149 Aristophanis
926 3068 1072 3150 Plutum,
1096 3072 1211 3149 Nubae,
1235 3071 1357 3150 Rauca,
1383 3073 1471 3135 Auca.

239 3187 275 3246 In
297 3187 444 3262 singulis
466 3187 564 3249 lineis
589 3188 669 3263 bini,
694 3189 749 3248 hic
772 3188 841 3249 illic
863 3188 966 3264 terni,
990 3187 1108 3262 scripti
1130 3190 1213 3248 sunt
1234 3202 1370 3262 versus;
1391 3203 1474 3261 quae

179 3292 190 3335 ἵ
239 3302 271 3360 et
293 3301 500 3377 exemplaris
522 3302 610 3362 unde
633 3303 803 3377 excriptus
826 3305 879 3363 eet
900 3301 965 3363 fuit
987 3303 1074 3362 ratio
1090 3296 1124 3371 ⁸).

177 3400 192 3448 ³²³
280 3416 581 3478 mediolanensis
609 3418 888 3479 Ambrosianus
918 3417 949 3477 L
975 3417 1025 3478 89
1055 3415 1273 3489 bombycinus
1297 3416 1394 3498 (M),
1417 3416 1472 3489 qui

238 3533 368 3602 praeter
398 3529 563 3605 Euripidis
592 3532 663 3590 tros
696 3529 936 3605 Sophoclisque
961 3529 1045 3589 duas
1074 3529 1205 3588 fabulas
1236 3544 1312 3589 cum
1336 3528 1473 3589 scholiis

178 3628 189 3680 3'
239 3635 270 3701 in
304 3643 396 3704 foliis
426 3644 580 3705 89-231
612 3645 713 3706 habet
742 3645 974 3719 Aristophanis
1004 3639 1154 3720 Plutum,
1186 3642 1305 3718 Nubes,
1331 3642 1471 3718 Equites,

178 3754 186 3793 ἒ
240 3757 317 3820 Acce
340 3757 510 3829 t-1641).

177 3982 190 4026 ³
282 3989 476 4073 Sequuntur
499 3998 624 4059 saeculi
648 3994 720 4057 XVi
746 3997 893 4058 codices:

282 4114 525 4175 Monacensis
551 4114 615 4175 187
642 4112 735 4194 (Ν).
766 4111 909 4187 Plutum,
942 4110 1057 4185 Nubae,
1089 4106 1212 4186 Rauca,
1243 4111 1472 4171 Ecclesiususao

184 4289 188 4315 ἐ
241 4225 340 4286 habet
364 4228 398 4286 in
422 4226 512 4286 ioliis
538 4227 680 4301 1-105,
705 4225 779 4286 dein
803 4224 954 4298 Dionysii
979 4225 1069 4284 orbis
1093 4225 1360 4299 descriptionem.

177 4324 194 4430 ᾗ
286 4342 522 4403 Havniensis
552 4341 658 4402 1980.
693 4339 812 4399 Insunt
845 4333 972 4414 Plutus,
1008 4337 1127 4414 Nubes,
1169 4338 1296 4413 Rauca,
1322 4338 1471 4412 Equites,

180 4691 194 4733 3,
274 4655 292 4719 ¹)
305 4659 358 4708 Ubi
377 4663 506 4708 roosntnr
534 4659 665 4708 Vossianus
680 4658 807 4707 badensis
824 4660 865 4708 19.
882 4660 904 4706 A
921 4658 1013 4707 multis
1032 4657 1178 4706 editoribus
1201 4656 1266 4705 Voss.
1284 4656 1327 4703 rel
1345 4653 1413 4700 Laid.
1432 4658 1473 4701 est

244 4737 282 4785 dio
314 4753 336 4785 s.
1231 4766 1233 4770 .

273 4742 351 4876 'lmot
368 4818 482 4877 Lysistr.
499 4817 602 4877 Proleg.
621 4832 646 4879 p.
663 4817 817 4865 XII-XIV.

177 4942 197 4975 ἰ(
274 4893 293 4956 ³)
312 4899 352 4946 ct.
369 4898 538 4945 Piooolomiui
556 4897 632 4944 Sindi
648 4896 749 4943 iistisni
769 4897 834 4943 1998
852 4911 878 4956 p.
897 4898 945 4941 419
964 4909 1023 4953 sqq.
