4067 5950
535 741 578 800 86
1056 756 1099 802 nr
1121 755 1247 802 socru

533 925 630 986 rediit
658 926 699 986 ad
727 925 866 987 consilia
889 941 948 1002 per
970 925 1223 1001 quatuordecim
1247 925 1354 988 lustra
1375 929 1579 990 intermissa.
1605 927 1768 988 Hannibal

534 1037 687 1112 Gisgonis
708 1036 810 1115 filius,
836 1039 1040 1100 Hamilcaris
1062 1054 1166 1114 nepos
1189 1038 1293 1116 illius,
1317 1041 1373 1114 qui
1397 1055 1484 1103 anno
1501 1042 1579 1116 480,
1597 1044 1671 1102 tum
1690 1055 1767 1101 cum

532 1151 696 1212 libertatis
724 1151 984 1213 tundamentum
1017 1152 1132 1214 Graeci
1163 1153 1327 1228 iecerunt,
1359 1155 1399 1214 ad
1430 1154 1601 1217 Himeram
1625 1157 1678 1214 est
1700 1168 1771 1229 pro·

533 1263 680 1340 fligatus,
706 1265 740 1325 in
765 1265 914 1326 Siciliam
938 1266 1032 1326 venit
1055 1267 1097 1326 ad
1121 1265 1347 1327 ulciscendam
1372 1271 1520 1330 veterem
1540 1269 1771 1343 ignominiam.

533 1375 663 1437 Selinus
691 1377 932 1440 florentissima
962 1379 1083 1440 civitas
1111 1380 1152 1440 ad
1185 1380 1447 1442 internecionem
1484 1384 1536 1442 est
1568 1382 1703 1442 redacta
1735 1382 1770 1440 et

533 1489 650 1566 deleta,
676 1506 806 1552 -non
843 1492 930 1552 onim
967 1492 1184 1554 barbarorum
1216 1492 1362 1555 furorem
1392 1509 1412 1554 a
1446 1495 1545 1556 sociis
1576 1493 1770 1568 propulsare

532 1606 711 1678 potuerunt
745 1603 959 1681 Syracusani,
995 1604 1060 1666 sibl
1096 1605 1125 1666 si
1156 1620 1276 1666 cavere
1310 1610 1447 1682 possent
1479 1607 1563 1668 satis
1596 1606 1695 1668 beati.
1730 1608 1769 1666 ln

533 1715 705 1777 Himeram
729 1717 832 1777 nihilo
856 1716 1056 1778 clementius
1080 1719 1260 1780 saevitum.
1284 1718 1394 1779 Etiam
1418 1720 1637 1795 Agrigentum
1659 1719 1772 1779 -bis

532 1831 665 1889 centum
685 1830 817 1890 milium
837 1831 1013 1892 hominum
1033 1830 1130 1892 urbsl
1153 1864 1194 1875 -
1208 1831 1332 1906 deleta,
1354 1847 1434 1893 mox
1445 1830 1769 1893 Gelaethmarina.

533 1940 740 2016 Quamquam
762 1943 866 2004 trium
891 1944 1010 2004 harum
1035 1943 1167 2005 urbium
1192 1943 1320 2005 incolae
1343 1945 1414 2004 vita
1433 1947 1522 2005 certe
1541 1946 1637 2005 salva
1651 1943 1769 2018 effuge·

530 2059 620 2132 runt,
642 2055 766 2116 frustra
785 2060 898 2118 autem
919 2073 939 2118 a
956 2055 1291 2132 Carthaginiensibus
1306 2060 1456 2119 tentatae
1476 2061 1556 2119 sunt
1575 2059 1770 2133 Syracusae.

531 2169 616 2230 Huic
640 2169 730 2230 enim
754 2169 882 2230 civitati
904 2171 1014 2231 iatum
1039 2171 1072 2232 id
1097 2171 1263 2232 concessit
1286 2172 1372 2244 quod
1395 2172 1571 2246 denegarit
1591 2171 1771 2232 Athenien-

534 2281 640 2358 sibus,
670 2285 708 2343 ut
738 2283 828 2343 iusto
851 2284 1003 2359 tempore
1027 2284 1196 2345 inveniret
1217 2285 1406 2360 dominum,
1430 2285 1487 2358 qui
1509 2298 1566 2359 per
1588 2283 1773 2345 multorum

535 2410 699 2456 annorum
734 2395 884 2470 spatium
919 2410 1022 2456 manu
1056 2402 1095 2457 ut
1129 2397 1212 2458 dura
1246 2398 1295 2458 sic
1328 2395 1425 2458 firma
1454 2396 1638 2458 refrenaret
1667 2399 1702 2456 et
1732 2412 1772 2456 eo

535 2508 670 2569 duceret
698 2523 764 2583 quo
788 2508 929 2570 vocabat
951 2509 1096 2571 lortuoa.
1121 2510 1362 2584 Syracusarum
1386 2510 1568 2586 sospitator
1589 2509 1699 2570 lactus
1721 2512 1777 2569 est

533 2623 714 2697 Dionysius
746 2622 868 2698 viginti
890 2625 925 2684 et
947 2623 1092 2698 quinque
1116 2638 1281 2685 annorum
1304 2625 1453 2684 iuvenis:
1477 2622 1640 2685 Alcibiadi
1662 2623 1777 2682 iuveni

534 2752 600 2797 non
632 2737 772 2812 contigit
795 2740 834 2798 ut
857 2738 1067 2799 Athenarum
1091 2735 1184 2799 floret
1208 2739 1400 2819 sospitator,
1423 2753 1490 2799 non
1513 2739 1602 2798 enim
1626 2737 1716 2798 cives
1738 2737 1776 2795 in

533 2851 725 2910 communia
755 2851 895 2913 consilia
925 2866 1043 2927 cogere
1065 2851 1176 2926 potuit
1198 2851 1298 2912 homo
1321 2851 1516 2912 inconstans
1540 2853 1574 2911 et
1596 2851 1650 2911 sui
1672 2865 1774 2923 quam

532 2964 658 3041 patriae
689 2965 865 3027 amantior.
893 2965 944 3027 Ad
974 2966 1159 3041 Syracusas
1179 2966 1295 3026 autem
1319 2980 1402 3039 quae
1425 2980 1491 3026 non
1512 2964 1670 3041 pertinuit
1692 2965 1773 3025 Poe·

532 3094 651 3140 norum
687 3080 844 3156 saevitia,
875 3095 935 3155 per
966 3082 1113 3140 ceteram
1144 3078 1294 3139 Siciliam
1324 3078 1392 3139 late
1423 3081 1475 3139 est
1498 3083 1667 3153 grassata;
1691 3094 1774 3138 nam

531 3192 661 3253 insulae
698 3208 793 3256 oram
836 3193 1089 3254 meridionalem
1124 3195 1229 3255 totam
1269 3196 1303 3253 et
1340 3192 1610 3268 septentrionalis
1643 3194 1773 3270 partem

532 3304 673 3366 alteram
717 3321 797 3367 suas
838 3306 945 3368 iecere
984 3306 1292 3383 Carthaginienses,
1339 3310 1373 3366 et
1406 3306 1534 3381 passim
1567 3320 1625 3381 per
1658 3305 1775 3366 littora

532 3419 653 3481 rudera
669 3420 838 3481 fumantia
857 3422 1045 3482 indicarunt
1056 3421 1161 3495 viam,
1182 3437 1249 3495 qua
1267 3420 1469 3482 Graecorum
1490 3418 1598 3482 cultus
1617 3422 1775 3481 stmores

532 3545 662 3593 cessere
686 3532 845 3594 barbaris.

577 3645 648 3705 Non
671 3645 824 3706 inanium
848 3646 995 3721 profecto
1019 3646 1226 3708 somniorum
1246 3649 1443 3723 appetentes
1462 3646 1553 3707 luere
1572 3644 1631 3719 qui
1648 3644 1776 3705 classes

531 3758 788 3819 Atheniensium
818 3760 853 3819 in
884 3758 1031 3820 Siciliam
1056 3760 1237 3834 miserunt;
1261 3760 1320 3820 sed
1343 3760 1515 3834 ingentem
1539 3772 1634 3834 spem
1662 3757 1773 3818 insula

532 3871 589 3932 illa
607 3873 773 3949 potiundi,
795 3872 870 3933 dein
890 3871 1127 3947 Carthaginem
1147 3872 1345 3949 debellandi,
1369 3872 1449 3934 licet
1471 3873 1596 3933 trustra
1612 3871 1771 3946 foverint,

532 3987 665 4060 magnis
700 3987 789 4045 certe
825 3988 858 4045 et
893 3986 924 4045 si
954 3985 1027 4046 iata
1056 3986 1215 4046 tulissent
1244 3985 1415 4047 salutariis
1446 3986 1537 4046 ausis
1569 3984 1772 4046 exciderunt.

533 4098 648 4158 Finem
684 4112 783 4170 quem
819 4098 991 4175 petebant,
1028 4099 1158 4159 utinam
1190 4102 1305 4160 essent
1339 4099 1501 4159 assecuti!
1537 4113 1616 4158 nam
1651 4112 1774 4173 magna

535 4211 720 4272 voluerant.
766 4212 861 4272 Nunc
902 4212 1022 4273 iisdem
1059 4212 1169 4287 annis,
1210 4211 1330 4285 quibus
1363 4212 1572 4273 Athenarum
1607 4214 1774 4288 potestas,

533 4324 642 4385 fracta
673 4328 725 4385 est
749 4325 891 4402 Siciliae,
915 4328 950 4387 et
973 4325 1090 4386 Graeci
1112 4325 1243 4401 imperii
1267 4340 1360 4386 mare
1384 4325 1662 4385 Mediterraneum
1687 4340 1774 4385 com-

535 4438 666 4513 plexuri
690 4453 766 4514 spes
789 4440 956 4500 intercidit
978 4439 1105 4516 omnis,
1130 4454 1300 4514 nunquam
1325 4439 1481 4499 reditura.

583 4665 808 4727 Athenienses
832 4666 984 4726 nuntium
1010 4665 1113 4727 cladis
1137 4666 1266 4730 Siculae
1290 4666 1453 4740 quomodo
1477 4665 1651 4726 tulerunt?

580 4778 633 4840 Ita
652 4781 691 4839 ut
710 4778 836 4839 duobus
855 4779 999 4839 saeculis
1018 4782 1134 4854 postea
1153 4778 1361 4841 Cannensem
1373 4779 1466 4840 illam
1479 4778 1607 4840 cladem
1620 4778 1774 4841 Romani.
