4067 5950
736 772 817 817 vrrs
840 772 880 818 rr
904 771 1073 818 ornemus.
1476 756 1519 816 55

285 961 411 1007 aroana
432 944 690 1022 pervestiganda
712 944 789 1006 licet
813 946 967 1007 audirent
991 948 1211 1023 spectatores,
1237 942 1309 1005 fleri
1331 957 1396 1003 non
1417 941 1529 1015 potuit

285 1063 323 1120 ut
354 1059 492 1120 numina
521 1058 587 1118 ista
617 1058 805 1119 umbratica
833 1059 867 1119 in
891 1059 1063 1120 orchestra
1086 1059 1244 1134 adspecta
1266 1056 1353 1117 tanti
1376 1055 1520 1115 facerent

285 1173 402 1246 quanti
425 1171 587 1247 agricolas
607 1171 682 1232 illos
701 1172 780 1232 altis
800 1171 1001 1234 clamoribus
1021 1174 1055 1234 in
1074 1171 1339 1246 Diraeopolidem
1359 1171 1522 1230 irruentes

285 1287 319 1345 et
341 1285 461 1361 pugnis
484 1284 611 1346 baculis
634 1283 800 1359 lapidibus
824 1286 854 1346 ei
877 1287 1122 1362 comminatos‚.
1139 1285 1194 1346 vel
1217 1287 1349 1345 turmas
1372 1283 1518 1342 militum

284 1400 492 1472 equestrium
523 1399 557 1458 in
584 1397 829 1474 Paphlagonem
853 1413 956 1472 equos
979 1400 1021 1460 ab
1044 1397 1227 1461 artificibus
1250 1396 1391 1458 scenicis
1413 1395 1520 1470 lepide

284 1511 454 1572 coniectos
488 1511 610 1572 martio
652 1513 777 1588 impetu
812 1511 1030 1586 adigentium.
1070 1512 1131 1574 Rei
1165 1510 1317 1572 scenicae
1352 1509 1521 1582 aliquanto

284 1625 477 1702 peritiorem
509 1627 587 1686 ante
617 1641 722 1687 annos
753 1626 934 1688 nonnullos
966 1641 1002 1687 se
1026 1625 1222 1702 praebuerat
1246 1622 1401 1684 dratinus
1424 1621 1521 1695 longo

284 1755 348 1799 usu
386 1738 537 1815 edoctus,
570 1754 645 1800 oum
684 1741 859 1798 Havomov
891 1740 1031 1802 chorum
1065 1741 1099 1800 in
1134 1739 1342 1801 orchestram
1376 1734 1520 1796 induxit.

285 1852 431 1928 Quorum
454 1853 627 1913 hominum
651 1867 774 1913 nomen
797 1853 873 1926 quid
896 1853 959 1914 sibi
979 1853 1081 1914 vellet
1099 1851 1226 1912 nemini
1246 1849 1423 1910 obscurum
1444 1861 1518 1908 essa

283 1967 431 2042 poterat,
456 1965 562 2026 oeulis
586 1965 675 2026 enim
699 1981 757 2042 per
780 1968 890 2027 totum
910 1982 1030 2044 corpus
1049 1965 1160 2027 ornati
1178 1963 1345 2037 quaelibet
1363 1961 1520 2038 pervesti-

283 2079 385 2153 gandi
413 2081 512 2151 atque
543 2079 716 2139 scrutandi
744 2079 893 2140 studium
916 2080 1044 2140 ludicra
1066 2079 1177 2156 specie
1200 2092 1278 2154 prae
1302 2091 1338 2137 se
1361 2075 1521 2136 ferebant.

284 2193 356 2253 Hoc
376 2193 510 2253 demum
529 2192 677 2254 iocorum
698 2207 818 2267 genere
836 2193 961 2269 pertrui
980 2195 1112 2269 poterat
1130 2191 1367 2253 obtusissimus
1382 2189 1520 2262 quisque

283 2307 373 2366 inter
391 2308 609 2381 spectatores.
629 2305 808 2380 Aliquanto
828 2306 952 2367 salsius
970 2321 1077 2368 novae
1096 2305 1265 2367 doctrinae
1284 2302 1523 2376 antesignanos

282 2419 359 2479 risit
377 2420 632 2497 Aristophanes,
653 2419 711 2480 sed
730 2419 940 2481 theatrorum
959 2419 1097 2495 plausus
1120 2417 1284 2480 Oratineis
1303 2416 1370 2476 illis
1390 2415 1521 2476 facetiis

282 2533 418 2594 facilius
441 2537 475 2594 et
498 2533 578 2595 olim
603 2535 821 2611 captabantur
844 2537 879 2595 et
900 2550 990 2597 nunc
1013 2537 1201 2610 captantur.

329 2647 376 2707 Ut
399 2649 518 2709 chorus
537 2647 696 2726 Nubium,
717 2649 766 2710 sio
787 2649 846 2726 vir,
869 2650 924 2723 qui
943 2649 1079 2710 illarum
1099 2649 1274 2709 alumnum
1295 2649 1393 2720 atque
1413 2659 1518 2704 sacer·

283 2761 399 2822 dotem
429 2777 466 2823 se
496 2760 722 2840 profitebatur,
753 2777 820 2824 non
851 2778 894 2824 ex
924 2763 997 2839 ipsa
1021 2765 1093 2824 vita
1122 2765 1196 2823 erat
1226 2761 1412 2822 desumtus.
1436 2758 1520 2819 Nam

284 2875 439 2949 quioquid
478 2875 628 2953 ridicule,
665 2876 820 2951 quicquid
860 2877 1068 2952 contemtim‚
1105 2876 1259 2951 quicquid
1300 2874 1446 2948 maligne
1481 2873 1520 2932 de

283 2990 447 3065 sophistis
467 2990 670 3063 quibuslibet
689 2991 815 3052 dictum
835 2994 894 3052 aut
912 2990 1028 3052 fiotum
1051 2991 1161 3052 fuerat
1181 3005 1339 3065 unquam,
1361 2990 1396 3048 in
1414 3003 1519 3047 unum

282 3103 382 3163 illum
413 3104 600 3180 hominem,
632 3119 730 3178 quem
761 3104 795 3165 in
825 3105 951 3180 pulpito
984 3104 1149 3181 exhibuit,
1182 3119 1221 3165 ea
1244 3104 1356 3163 omnia
1380 3100 1522 3163 contulit

283 3218 394 3291 poeta.
415 3217 554 3292 Ineptus
574 3219 607 3278 et
626 3218 776 3278 tumidus
795 3220 829 3279 et
848 3217 911 3279 sibi
932 3218 1139 3294 perplacens,
1161 3231 1283 3277 avarus
1303 3223 1337 3276 et
1350 3214 1522 3290 improbus

284 3333 322 3391 at
352 3330 522 3403 squalidus
553 3333 587 3391 et
617 3332 695 3405 quid
722 3347 787 3391 non
813 3333 865 3392 est
887 3333 947 3408 vir,
973 3347 1071 3406 quem
1096 3332 1129 3392 in
1153 3330 1275 3392 lectulo
1298 3328 1521 3390 lucubratorio

286 3459 304 3503 e
325 3443 417 3503 trabe
436 3458 650 3521 suspensum,
676 3446 795 3520 quippe
818 3445 1001 3506 sublimem
1021 3445 1061 3505 de
1084 3444 1183 3505 rebus
1202 3444 1404 3504 sublimibus
1422 3440 1522 3501 medi·

285 3558 432 3633 tantem,
465 3558 708 3633 spectatoribus
732 3558 948 3619 deridendum
970 3558 1118 3618 comicus
1141 3557 1342 3632 propinavit.
1366 3554 1425 3615 dui
1449 3569 1523 3614 cum

286 3670 504 3745 sophronisci
525 3669 593 3731 filio
617 3674 747 3746 praeter
770 3687 890 3732 nomen
915 3673 949 3733 at
972 3671 1104 3732 vultum
1126 3670 1210 3731 nihil
1233 3685 1309 3731 esse
1332 3682 1522 3743 commune,

286 3800 355 3844 uno
386 3799 440 3845 ore
470 3784 660 3845 clamarunt
686 3785 873 3859 quicunque
896 3786 1098 3845 familiarius
1120 3784 1178 3845 illo
1201 3784 1388 3859 utebantur,
1413 3782 1522 3842 virum

286 3897 353 3957 sibi
376 3912 491 3958 carum
515 3900 585 3959 tam
608 3902 763 3975 proterve
786 3900 821 3959 in
843 3900 977 3960 theatro
996 3898 1145 3960 vellicari
1164 3898 1347 3972 indignati;
1369 3872 1522 3971 quivero

286 4027 355 4073 non
377 4015 499 4073 norant
522 4013 707 4090 Socratem,
733 4013 881 4073 riserunt
904 4013 1037 4085 quidem
1060 4012 1296 4088 philosophum
1321 4011 1416 4071 illum
1441 4010 1528 4070 inter

288 4126 372 4186 tecti
401 4126 497 4200 tigna
527 4142 587 4188 ceu
618 4127 744 4202 gallum
775 4127 997 4201 gallinaceum
1022 4127 1211 4202 degentem,
1237 4127 1296 4186 sed
1320 4140 1395 4186 cum
1420 4139 1526 4198 neque

288 4239 401 4314 ipsum
425 4240 597 4300 hominem
621 4241 797 4315 quicquam
816 4242 985 4317 curarent,
1007 4256 1113 4315 neque
1133 4241 1375 4301 astronomiam
1395 4254 1525 4314 geome-

286 4352 390 4411 triam
425 4354 661 4428 geographiam
697 4355 827 4413 ceteras
862 4356 967 4429 artes,
1003 4353 1123 4427 quibus
1154 4353 1301 4415 colendis
1331 4352 1388 4412 ille
1418 4355 1523 4414 uitam

286 4464 452 4525 inutiliter
487 4466 654 4526 videretur
696 4470 817 4543 terere,
862 4467 1052 4542 languidam
1093 4468 1261 4527 duxerunt
1302 4466 1448 4527 fabulam
1485 4467 1525 4525 de

287 4578 430 4639 obscuro
454 4579 618 4641 nebulone
642 4582 813 4657 scriptam.

335 4692 400 4752 Sed
429 4692 609 4754 hebetioris
641 4695 765 4769 ingenii
795 4697 999 4771 spectatores
1030 4711 1114 4770 quae
1138 4696 1250 4755 minus
1274 4696 1418 4756 fortasse
1441 4695 1524 4755 dele·

286 4809 423 4869 ctatura
445 4811 517 4869 erat
541 4808 665 4886 fabula,
695 4824 714 4869 a
733 4825 831 4870 musa
851 4812 940 4871 certe
960 4825 1001 4870 ne
1021 4811 1237 4871 damnaretur
1258 4809 1439 4871 verendum
1462 4823 1526 4868 non
