4067 5950
746 851 826 896 vrrs
848 851 888 897 ur
911 852 1081 898 ornareris.
1483 837 1526 897 58

298 1027 370 1099 ipse
400 1025 641 1100 Aristophanes
671 1025 747 1099 post
777 1039 901 1099 paucos
932 1039 1038 1085 annos
1063 1021 1085 1094 ι1
1112 1025 1153 1085 (19
1175 1040 1213 1085 90
1236 1023 1331 1084 tulit:
1359 1024 1529 1098 ,omnium

300 1152 454 1197 mearum
477 1135 665 1197 fabularum
691 1137 773 1200 haec
792 1139 844 1198 est
863 1137 1013 1214 optima·
1033 1170 1077 1180 -
1094 1137 1268 1212 Equitibns
1286 1139 1321 1197 et
1340 1135 1531 1209 Babyloniis

298 1253 446 1326 ipsisque
480 1251 560 1312 adeo
599 1250 883 1328 Acharnensibus,
919 1251 1052 1312 fabulae
1089 1251 1329 1326 lepidissimae,
1365 1264 1426 1310 suo
1460 1250 1531 1309 iure

298 1382 374 1426 eam
398 1367 613 1438 anteponens.

343 1479 406 1539 Sed
437 1478 539 1538 nimis
570 1476 655 1538 bona
678 1480 750 1538 erat
774 1476 886 1538 Nubes
909 1476 1023 1540 fabula
1045 1492 1144 1552 quam
1169 1492 1252 1551 quae
1275 1479 1369 1552 tunc,
1394 1476 1528 1536 cumin

297 1592 480 1653 certamine
509 1591 639 1652 scenico
665 1591 811 1668 primum
834 1594 886 1653 est
910 1594 999 1668 acta,
1024 1607 1086 1652 suo
1109 1592 1226 1652 statim
1250 1591 1355 1666 pretio
1374 1590 1526 1651 aestima-

296 1708 398 1766 retur.
429 1704 501 1766 Non
531 1705 620 1765 enim
650 1703 863 1780 flagrantium
895 1706 1042 1767 colorum
1073 1705 1258 1766 luminibus
1288 1704 1342 1765 vel
1371 1702 1528 1764 violentis

296 1817 499 1879 clamoribus
529 1832 648 1878 sensus
679 1821 712 1879 et
738 1821 887 1880 mentem
915 1820 1142 1894 spectantium
1164 1818 1318 1894 feriebat,
1341 1832 1406 1878 non
1430 1817 1529 1878 claris
1617 1873 1619 1879 ,

296 1931 483 2009 cachinnis,
513 1931 606 1991 utin
629 1931 902 1993 Acharnensibus
925 1932 1049 2009 fabula,
1074 1932 1230 1993 reboabat
1252 1930 1436 2005 theatrum,
1461 1944 1526 1989 non

295 2044 453 2118 gravibus
484 2044 669 2119 mugitibus
692 2044 869 2106 hominum
899 2046 1116 2121 furiosorum,
1141 2048 1179 2105 ut
1201 2045 1235 2106 in
1257 2043 1445 2118 hinnitibus,
1469 2043 1527 2102 sed

294 2170 451 2217 sermone
481 2156 610 2219 modico
637 2157 754 2219 sedato
777 2157 879 2233 polito
903 2158 1073 2219 ridebatur
1095 2158 1270 2219 hominum
1293 2156 1526 2233 desipientium

295 2267 470 2344 sapientia.

341 2381 449 2441 Nimis
472 2382 559 2442 bona
581 2385 653 2444 erat
675 2381 802 2459 fabula,
827 2399 911 2458 quae
934 2383 1034 2458 vulgo
1054 2383 1228 2445 offerretur
1250 2383 1445 2458 spectanda,
1466 2397 1529 2442 nec

294 2495 411 2554 tamen
442 2494 528 2556 bona
559 2493 653 2557 satis.
684 2495 770 2556 Nam
802 2495 947 2558 Nubium
978 2497 1099 2558 chorus
1128 2496 1231 2570 aliqui
1253 2496 1336 2556 satis
1360 2496 1436 2570 apte
1457 2493 1529 2554 fleri

294 2622 362 2666 non
393 2607 507 2682 potuit.
540 2607 666 2685 Nempe
695 2606 837 2684 figuram
869 2609 1067 2671 muliebrem
1098 2612 1196 2687 poeta
1226 2609 1388 2669 tribuerat
1412 2622 1529 2682 aegrae

294 2723 421 2782 mentis
451 2723 628 2784 insomniis
658 2724 739 2801 illis,
771 2740 855 2798 quae
886 2740 943 2800 pro
971 2725 1104 2800 placitis
1126 2724 1310 2801 sapientiae
1333 2723 1529 2798 plusquam

294 2837 464 2897 humanae
488 2837 697 2898 venditarent
721 2838 873 2900 Socrates
896 2838 1061 2912 huiusque
1084 2837 1242 2898 asseclae
1263 2836 1324 2897 Sed
1345 2833 1532 2896 cuiusmodi

293 2951 397 3026 igitur
420 2965 494 3011 ease
518 2952 672 3027 poterant
695 2951 772 3014 illae
795 2952 965 3015 feminae?
987 2952 1165 3014 Puellaene
1184 2951 1345 3013 decorae?
1363 2952 1408 3011 At
1427 2947 1531 3010 homi-

294 3081 378 3126 num
399 3065 543 3126 istorum
564 3067 698 3140 ingenio
718 3067 809 3129 arido
828 3082 895 3127 non
915 3066 1160 3128 conveniebant
1180 3066 1269 3126 fetus
1287 3067 1358 3125 tam
1377 3060 1530 3125 formosi!

292 3178 498 3240 Aniculaene
516 3179 620 3254 igitur
638 3182 805 3255 rugosae?
824 3182 869 3241 At
888 3180 971 3255 ipsis
982 3179 1242 3256 spectatoribua,
1263 3177 1387 3238 festiva
1399 3173 1529 3237 ostendi

293 3292 360 3353 sibi
395 3292 654 3370 postulantibus,
690 3310 807 3371 parum
843 3295 1058 3356 convenisset
1093 3294 1213 3355 chorus
1243 3292 1325 3353 adeo
1356 3288 1529 3351 deformis!

293 3406 456 3468 Vestibus
490 3409 602 3469 autem
637 3408 781 3469 insolitis
811 3409 865 3470 vel
900 3408 1167 3469 multicoloribus
1201 3406 1313 3467 oculos
1347 3406 1532 3467 delectandi

294 3521 505 3581 occasionem
538 3498 668 3582 *nullam
703 3522 845 3583 habebat
879 3522 1022 3583 Nubium
1065 3522 1204 3594 chorus;
1240 3519 1417 3581 ridiculum
1452 3533 1529 3578 vero

296 3633 428 3694 vultum
449 3633 503 3694 vel
522 3633 674 3695 habitum
693 3634 722 3694 si
743 3636 892 3696 comicus
912 3636 955 3695 iis
975 3634 1163 3710 tribuisset,
1184 3649 1245 3696 sua
1265 3633 1369 3708 ipsius
1385 3632 1533 3691 carmina

294 3747 406 3807 sciens
436 3749 470 3807 et
499 3747 612 3823 inepte
642 3747 841 3823 perdidisset
863 3749 945 3823 ipse.
969 3748 1042 3809 Non
1066 3747 1156 3808 enim
1180 3761 1262 3806 naso
1286 3746 1450 3821 turpiculo
1473 3747 1531 3805 aut

295 3860 431 3934 gibbere
462 3861 569 3922 risum
601 3877 737 3922 movere
768 3861 864 3922 licuit
892 3862 949 3937 iis,
980 3875 1064 3934 quas
1094 3860 1187 3920 hisce
1218 3858 1371 3920 versibus
1402 3859 1529 3919 aditum

295 3988 396 4034 suum
420 3975 613 4035 nuntiantes
635 3975 714 4036 iecit
727 3968 764 4045 ²):

332 4262 353 4328 1)
370 4266 401 4313 In
418 4269 562 4314 retractata
577 4267 691 4315 Nubium
709 4268 832 4325 editione,
849 4268 917 4315 Nub.
936 4270 993 4315 521.

330 4344 353 4405 ²)
370 4348 426 4394 Hoo
452 4350 582 4394 canticum
608 4336 679 4406 quod
701 4349 789 4407 speeie
811 4346 893 4395 latina
915 4351 1037 4395 ornatum
1060 4346 1103 4395 hio
1128 4350 1218 4409 prodit
1240 4362 1308 4407 qnae
1331 4351 1437 4408 poetam
1460 4347 1531 4393 haud

295 4425 433 4481 dedecent,
459 4427 603 4473 Hartmano
629 4427 746 4486 collegae
772 4424 943 4485 amicissimo,
969 4430 1065 4487 poetae
1089 4431 1115 4474 91
1136 4429 1196 4487 ipsi,
1222 4428 1249 4474 id
1275 4428 1361 4475 191910
1386 4430 1527 4486 acceptam

295 4504 389 4551 Eidem
413 4504 524 4551 debetur
541 4507 626 4553 versio
650 4507 849 4565 epigrammatis
866 4506 893 4552 in
910 4519 955 4553 eos
973 4507 1019 4564 qui
1040 4505 1073 4551 ad
1091 4507 1282 4565 Thermopylas
1300 4506 1462 4561 ceciderunt,
1479 4519 1536 4551 car-

295 4585 399 4630 minum
424 4596 491 4642 quse
516 4582 585 4631 inira
611 4587 758 4644 sequnntur
783 4586 847 4631 Rau.
874 4586 922 4631 111
950 4598 1018 4645 sqq,
1048 4587 1097 4631 840
1121 4598 1189 4645 sqq„
1213 4588 1261 4632 814
1285 4598 1353 4644 sqq,
1377 4586 1441 4631 1331
1465 4597 1532 4643 sqq„

297 4664 363 4708 1491
391 4674 457 4721 sqq„
479 4660 542 4709 item
566 4666 780 4711 tetrametrorum
803 4665 867 4711 Ran.
893 4664 1007 4722 136011,
1031 4664 1210 4711 trimetrcrnm
1233 4665 1296 4711 doh.
1321 4666 1370 4710 3114
1388 4677 1445 4723 sqq.
1468 4665 1533 4711 Ban.

296 4742 347 4788 tao
366 4754 433 4799 sqq„
456 4743 521 4788 1402
539 4755 607 4801 sqq„
630 4743 770 4802 fragmenti
794 4756 808 4790 0
828 4742 910 4789 Musis
932 4739 1076 4799 Phryniohi
1100 4742 1181 4789 allati.
1206 4742 1254 4790 Oui
1277 4740 1376 4801 gratias
1393 4756 1441 4802 pro
1458 4745 1531 4788 tanto

295 4822 426 4868 beneficio
449 4825 476 4867 et
498 4821 582 4869 debeo
605 4820 733 4869 maximas
756 4825 782 4868 et
805 4836 836 4868 ex
859 4818 939 4868 animi
963 4822 1094 4868 sententia
1116 4822 1204 4881 palam
1227 4822 1270 4869 hio
1294 4836 1351 4881 ago.
1369 4849 1400 4855 -
1425 4823 1532 4869 0919109

294 4912 398 4957 versus,
416 4912 482 4957 quos
498 4901 541 4947 hio
557 4901 613 4947 illio
631 4902 716 4958 attuli,
733 4902 770 4947 its
787 4904 817 4947 nt
835 4904 952 4959 poteram
971 4902 1037 4947 verti
1054 4902 1120 4960 ipae.
