4067 5950
535 768 574 828 10
1051 785 1093 830 na
1116 784 1241 831 sorrrn

576 955 648 1016 Non
679 953 713 1015 e'
728 970 830 1032 parva
861 956 1004 1032 quadarn
1035 957 1129 1032 parte
1158 955 1356 1033 incolarum,
1382 959 1420 1017 ut
1442 956 1477 1018 ln
1500 955 1761 1031 Lacedaemone,

531 1070 564 1128 in
598 1068 712 1130 Attica
744 1067 870 1131 fiebant
903 1069 1045 1146 milites,
1081 1069 1140 1131 sed
1175 1084 1217 1131 ex
1249 1070 1321 1145 ipso
1352 1070 1489 1147 populo;
1522 1071 1556 1130 et
1586 1071 1764 1145 postquam

531 1183 688 1257 navigare
722 1184 902 1258 coeperunt
934 1181 1160 1244 Athenienses
1194 1185 1228 1244 et
1263 1198 1355 1245 remo
1388 1182 1500 1259 potius
1534 1197 1635 1257 quam
1666 1181 1765 1244 hasta

531 1296 639 1356 victus
662 1297 715 1356 est
737 1310 834 1356 arcus
857 1295 1023 1372 Persicus,
1049 1293 1127 1356 belli
1149 1295 1304 1371 domique
1326 1311 1392 1357 non
1416 1296 1483 1356 lam
1508 1310 1609 1370 penes
1628 1295 1762 1356 easdem

531 1410 631 1482 atque
654 1408 734 1469 olim
759 1407 906 1469 civitatis
929 1410 1042 1484 partes
1065 1407 1130 1468 luit
1152 1422 1264 1469 rerum
1287 1407 1478 1470 discrimen.

575 1521 804 1596 Agricolarum
818 1523 910 1584 natio
923 1522 1144 1583 Athenienses
1155 1522 1288 1583 inerant
1299 1523 1473 1584 hactenns.
1487 1522 1559 1584 Non
1571 1536 1761 1599 novercam,

531 1636 569 1694 ut
591 1635 791 1713 Spartiatae,
816 1636 874 1697 sed
898 1651 1012 1698 veram
1039 1637 1183 1697 matrem
1206 1635 1376 1697 habebant
1398 1649 1494 1697 suam
1513 1639 1654 1714 terram,
1679 1651 1763 1712 quae

531 1749 752 1812 Erechtheum
769 1765 787 1810 e
806 1750 933 1826 gremio
952 1749 1055 1812 feraci
1073 1749 1108 1810 in
1120 1749 1229 1810 lucem
1243 1750 1400 1811 emiserat
1412 1764 1520 1825 neque
1532 1749 1604 1810 elus
1616 1751 1764 1823 posteros

532 1865 722 1940 agentibus
742 1865 868 1926 exteris
887 1869 945 1926 aut
964 1865 1072 1925 subici
1091 1866 1148 1924 aut
1167 1863 1238 1924 solo
1258 1863 1363 1925 natali
1381 1863 1459 1939 pelli
1470 1863 1596 1925 siverat
1609 1878 1763 1937 unquam.

532 1979 652 2040 Veram
682 1979 723 2039 iis
747 1982 890 2041 matrem
913 1995 949 2040 se
973 1977 1200 2056 praestiterat,
1224 1992 1290 2038 non
1314 1977 1492 2038 cumulans
1517 1976 1633 2052 opibus
1653 1992 1764 2053 super·

531 2092 607 2152 fluis
630 2093 689 2152 sed
710 2092 744 2153 id
769 2092 854 2166 quod
878 2094 960 2153 satis
984 2094 1074 2153 esset
1097 2090 1268 2167 praebens.
1296 2089 1470 2167 Triticum,
1499 2090 1562 2152 luti
1584 2091 1765 2167 pinguioris

532 2221 632 2279 quarn
667 2206 752 2278 quod
787 2206 901 2266 Attica
934 2206 1036 2266 habet
1065 2208 1230 2281 segetem,
1262 2219 1327 2266 non
1362 2205 1513 2266 terebant
1542 2205 1626 2281 agri,
1658 2221 1764 2280 neque

533 2317 607 2378 uvis
637 2318 807 2392 generosis
836 2318 1000 2379 rubebant
1023 2318 1155 2394 vineae,
1179 2320 1214 2377 at
1238 2320 1371 2393 praesto
1394 2321 1466 2380 erat
1489 2319 1649 2380 hordeum
1674 2319 1768 2380 cibus

532 2431 677 2505 simplex
698 2430 823 2492 viribus
843 2431 1074 2492 sustentandis
1092 2431 1204 2507 aptus,
1224 2433 1297 2492 erat
1315 2431 1430 2492 vinum
1451 2432 1524 2493 leve
1544 2434 1649 2506 adque
1668 2447 1766 2493 curas

532 2545 704 2620 pellendas
735 2545 904 2621 idoneum,
938 2545 1067 2605 abunde
1097 2547 1168 2605 erat
1199 2541 1321 2606 ficuum
1348 2547 1383 2606 et
1408 2545 1573 2607 olivarum
1597 2549 1763 2622 praestan·

532 2658 758 2735 tissimarum,
791 2659 910 2732 quibus
942 2657 1032 2718 alma
1061 2658 1123 2718 dea
1149 2659 1283 2732 gentem
1315 2673 1412 2719 suam
1435 2657 1564 2735 bearat,
1589 2661 1623 2720 et
1646 2659 1680 2719 in
1703 2660 1765 2720 soli

535 2772 760 2846 penetralibus
790 2773 909 2833 uberes
939 2771 1120 2832 latitabant
1150 2786 1254 2832 venae
1286 2773 1425 2848 argenti.
1454 2771 1501 2833 Ut
1530 2772 1626 2849 olim,
1656 2774 1705 2833 sic
1732 2775 1766 2834 et

533 2901 614 2947 aevo
650 2886 780 2947 Solonis
815 2889 849 2947 et
884 2885 1170 2946 Pisistratidarum
1201 2886 1234 2946 in
1266 2887 1452 2948 aratoribus
1485 2884 1664 2964 αὐτουργοῖς
1696 2887 1766 2947 erat

534 3000 683 3061 civitatis
717 3000 779 3061 flos
815 3003 848 3061 et
882 2999 993 3076 robur,
1028 3000 1132 3061 immo
1165 3001 1272 3076 ipsam
1304 3000 1477 3061 civitatem
1508 3000 1541 3059 hi
1573 2999 1766 3061 efficiebant.

533 3112 613 3187 Agri
638 3112 764 3173 colendi
792 3112 936 3173 officium
961 3112 1043 3172 viris
1065 3112 1177 3172 liberis
1200 3113 1297 3173 unice
1320 3113 1456 3187 dignum
1480 3115 1561 3174 tunc
1584 3113 1764 3190 videbatur,

533 3226 589 3298 qui
620 3225 661 3285 ad
695 3225 837 3285 tutanda
871 3240 932 3285 sua
966 3225 1100 3300 praedia
1131 3225 1233 3301 clipeo
1265 3226 1424 3300 hastaque
1455 3227 1616 3302 correptis
1640 3227 1767 3288 strenui

534 3337 789 3413 concurrebant,
830 3338 860 3397 si
899 3338 984 3412 quod
1025 3337 1066 3397 ab
1105 3338 1258 3399 hostibus
1295 3339 1439 3400 instaret
1472 3339 1667 3415 periculum.
1703 3340 1764 3399 Sed

534 3452 637 3512 maris
667 3451 793 3512 domini
824 3452 903 3512 facti
927 3451 1152 3513 Athenienses
1176 3467 1251 3513 cnm
1275 3453 1444 3514 frumento
1468 3454 1649 3528 importato
1671 3455 1766 3527 potis·
1879 3531 1880 3546 ἢ

533 3566 657 3625 simum
689 3566 738 3625 uti
762 3568 940 3639 coeperunt
963 3580 1026 3626 nec
1048 3565 1116 3626 iam
1140 3566 1368 3627 necessarium
1393 3568 1435 3628 ad
1458 3566 1585 3627 victum
1608 3567 1767 3640 quotidia-

533 3694 614 3740 num
646 3678 710 3740 luit
733 3679 892 3739 hordeum
920 3679 1087 3755 Atticum,
1112 3694 1187 3740 cum
1212 3680 1322 3741 varios
1346 3680 1488 3753 undique
1512 3680 1602 3741 cibos
1625 3681 1659 3740 et
1681 3694 1769 3741 nova

532 3808 666 3869 semper
696 3792 806 3852 edulia
837 3792 870 3852 in
903 3791 1056 3853 Piraeum
1088 3793 1296 3854 advexerunt
1326 3795 1550 3854 mercatorum
1577 3792 1712 3866 navigia
1735 3795 1769 3852 et

533 3906 639 3967 multo
675 3906 820 3966 maiores
850 3905 986 3966 divitias
1015 3906 1168 3980 praebuit
1203 3906 1368 3968 artificum
1402 3907 1566 3968 industria
1595 3921 1696 3981 quam
1727 3922 1769 3967 ex

532 4020 682 4081 metallis
705 4018 910 4079 Laurenticis
933 4034 1081 4093 unquam
1104 4020 1352 4094 protraxissent
1374 4021 1533 4096 fossores,
1554 4022 1644 4080 terra
1662 4021 1769 4080 mater

532 4133 648 4193 liberis
683 4132 813 4193 maiora
846 4147 979 4208 semper
1014 4131 1249 4208 appetentibus
1281 4147 1345 4193 uon
1378 4134 1445 4194 iam
1475 4132 1631 4209 praebere
1661 4134 1769 4207 potuit

534 4261 749 4321 quaecunque
773 4246 984 4320 requirebant
1008 4247 1050 4307 ad
1068 4246 1210 4307 feliciter
1231 4246 1410 4306 vivendum
1432 4261 1538 4321 neque
1555 4247 1626 4306 vita
1644 4247 1770 4307 rustica

535 4360 570 4419 in
601 4360 716 4419 eodem
747 4375 812 4433 quo
847 4363 947 4421 antea
977 4360 1040 4421 luit
1072 4360 1206 4420 honore.
1237 4358 1275 4418 In
1300 4373 1335 4420 re
1358 4358 1489 4434 publica
1512 4362 1642 4420 mutata
1665 4359 1770 4435 pluris

536 4473 659 4533 sensim
692 4489 791 4547 quarn
823 4476 972 4535 aratores
1003 4472 1128 4534 flebant
1158 4472 1296 4533 navium
1327 4475 1361 4533 et
1392 4471 1597 4533 officinarum
1627 4473 1766 4548 domini,

538 4589 740 4648 mercatores
764 4590 797 4647 et
819 4589 1041 4663 feneratoreS,
1067 4589 1099 4647 et
1122 4586 1188 4646 alia
1212 4586 1348 4647 amabat
1371 4586 1462 4645 aetas
1486 4587 1650 4647 recentior
1668 4601 1768 4660 quam

539 4703 711 4760 amaverat
733 4700 883 4775 pristina.

586 4813 846 4874 Atheniensibus
872 4827 1038 4874 novarum
1070 4827 1181 4874 rerum
1212 4813 1372 4875 studiosis
1401 4812 1471 4873 dux
1492 4814 1527 4873 et
1548 4811 1686 4886 signiter
1708 4811 1771 4873 fuit
