4067 5950
663 802 706 847 mr
728 802 837 847 rnxru
858 802 1013 848 1110110.
1388 789 1453 849 305

224 975 272 1033 est
289 974 327 1050 R,
352 973 409 1048 qui
428 973 592 1036 ambabus
610 973 812 1037 lectionibus
830 976 1018 1037 coniunctis
1038 975 1174 1050 scripsit
1193 975 1457 1054 μορμουρωπά,

224 1101 243 1164 i.
265 1116 292 1160 e.
315 1090 506 1178 μορμὸρωπᾶ
527 1100 582 1161 vel
606 1092 804 1180 μορμθρωπά.

262 1216 327 1276 Nec
358 1231 424 1277 non
455 1217 532 1278 hinc
555 1194 737 1292 repetenda
762 1217 814 1277 est
837 1216 936 1277 lectio
960 1215 1116 1293 absurda,
1138 1231 1239 1290 quam
1263 1215 1332 1275 VR
1356 1216 1458 1278 ceteri

222 1330 378 1404 praebent
408 1331 470 1391 Av.
506 1331 602 1392 1656.
635 1330 806 1407 Herculis,
838 1345 937 1406 quem
967 1330 1158 1391 Pisetaerus
1189 1330 1304 1392 docuit
1326 1330 1456 1391 nullum

223 1444 250 1503 ei
271 1460 344 1505 esse
367 1445 421 1505 ius
443 1444 669 1506 successionis
693 1444 727 1505 in
750 1443 839 1505 bona
861 1444 969 1519 patris
991 1444 1097 1521 Iovis,
1123 1446 1203 1505 sunt
1227 1443 1344 1507 verba:

486 1558 517 1619 τί
538 1552 566 1619 δ’
592 1554 633 1638 ἦν
656 1554 673 1619 i
697 1556 796 1637 πατὴρ
819 1555 886 1636 ἐμοὶ
909 1558 984 1642 διδῷ
1007 1556 1044 1618 τὰ
1067 1558 1205 1637 χρήματα

488 1666 629 1747 sistor?
655 1672 899 1751 αποθνὴσκων.

223 1786 341 1847 Verum
372 1788 516 1849 domasse
546 1787 683 1864 lateret,
706 1788 737 1848 si
761 1801 828 1848 non
852 1791 1026 1849 servatum
1050 1788 1184 1849 extaret
1206 1788 1239 1849 in
1264 1788 1401 1849 scholiis
1427 1790 1461 1849 et

222 1902 302 1975 apud
326 1901 646 1977 Harpocrationem:
670 1904 827 1963 νοθεῑα.
851 1901 916 1962 Sed
938 1901 1026 1963 unde
1049 1901 1165 1963 littera
1183 1901 1223 1973 ξ1
1241 1901 1301 1961 list
1321 1902 1456 1976 signum

223 2057 415 2133 diphthongi
445 2061 476 2117 εἴ
501 2058 590 2119 male
620 2056 841 2119 intellectum.
874 2056 913 2118 In
940 2058 1122 2133 archetypo
1147 2059 1236 2118 erat:
1261 2018 1458 2127 podioleno-

222 2170 412 2245 θνή(ι)σκων.

262 2284 360 2346 Patet
395 2285 429 2345 in
463 2287 596 2347 textum
628 2285 725 2347 facile
759 2285 903 2361 irrepere
942 2284 1093 2361 potuisse
1128 2299 1212 2359 quae
1245 2284 1459 2361 oopccmpto

223 2400 342 2460 essent.
379 2397 481 2459 0111111
522 2398 570 2460 101
600 2398 767 2460 recordari
801 2398 931 2459 iuvabit
965 2412 1043 2459 cum
1078 2398 1264 2459 incidemus
1299 2398 1332 2459 in
1367 2398 1458 2461 locos

181 2536 185 2543 ·
223 2511 273 2571 ubi
302 2527 371 2574 non
401 2512 552 2587 singulae
582 2512 715 2574 litterae
739 2512 798 2574 sed
824 2515 898 2574 tota
919 2511 1084 2574 vocabula
1106 2512 1195 2574 inter
1218 2513 1335 2575 comici
1360 2513 1461 2574 verba

222 2630 296 2687 sunt
319 2629 464 2703 recepta.

263 2855 438 2917 similibus
462 2856 556 2917 vitiis
579 2856 743 2930 inquinati
766 2858 847 2917 suni
869 2870 990 2917 versus
1013 2856 1129 2930 mulii,
1153 2856 1188 2917 in
1211 2856 1331 2930 quibus
1350 2853 1460 2916 finalis

224 2968 319 3047 aliqui
352 2987 457 3033 sonus
489 2987 566 3034 cum
597 2972 770 3047 sequentis
800 2971 957 3034 vocabuli
986 2971 1082 3034 initio
1110 2970 1258 3034 confluit.
1281 2970 1458 3032 Nonnullis

224 3084 298 3146 locis
321 3086 456 3147 errandi
479 3101 581 3147 causa
603 3086 669 3147 init
691 3087 805 3163 010111,
829 3088 868 3148 ut
889 3085 989 3162 Vesp.
1014 3087 1092 3163 627,
1117 3086 1172 3147 ubi
1192 3085 1222 3146 V
1241 3083 1459 3164 καγκεχόδασιν

224 3198 317 3259 habet
339 3201 433 3260 recte
456 3199 698 3276 perscriptum,
724 3233 766 3244 -
789 3201 820 3260 si
842 3200 977 3274 quidem
1001 3199 1107 3261 oculis
1127 3199 1232 3261 orasis
1251 3199 1309 3260 illa
1327 3200 1460 3263 videtur

224 3325 439 3401 ostendenda,
460 3326 552 3387 -R
576 3340 656 3387 voro
678 3322 957 3404 καικέγκεχόδασιν,
979 3326 1001 3386 1.
1024 3341 1053 3387 θ.
1077 3300 1128 3385 h'ci
1147 3323 1350 3405 ἔγκεχόδασιν.
1370 3327 1458 3388 Item

224 3436 279 3498 Av.
304 3440 370 3500 792
395 3439 431 3500 111
461 3440 490 3499 R
515 3434 580 3498 κᾶτ’
607 3437 797 3518 ἀποπαρδὼν
821 3456 880 3516 pro
903 3437 1124 3519 κάποπαρδὼν,
1147 3456 1246 3515 quem
1271 3456 1406 3502 versum
1430 3440 1459 3499 V

225 3552 353 3614 omittit.
380 3553 419 3612 In
442 3553 624 3629 archetypo
648 3553 714 3615 luit
737 3554 916 3613 ΚΑΙΑΠΟ.

264 3667 365 3729 Multo
396 3668 639 3743 frequentiores
668 3670 747 3730 sunt
777 3668 841 3730 loci
867 3669 923 3729 ubi
947 3668 1068 3729 vitium
1092 3669 1218 3745 peperit
1242 3668 1335 3728 elisio.
1359 3668 1459 3728 Pleno

226 3783 348 3841 exarari
385 3782 616 3844 huiuscemodi
643 3797 744 3844 voces
778 3782 931 3844 solebant
963 3783 1059 3858 olim,
1091 3783 1120 3842 si
1144 3785 1337 3857 sequeretur
1359 3783 1459 3842 inter·

185 3928 186 3932 =
225 3896 352 3966 punctio
385 3895 439 3956 vel
470 3896 609 3971 spiritus
640 3912 737 3972 asper
766 3896 820 3957 vel
847 3898 952 3959 etiam
975 3897 1049 3958 sina
1073 3897 1165 3957 certa
1188 3911 1291 3956 causa
1307 3890 1341 3967 ¹).
1365 3895 1401 3956 Ε.
1427 3910 1458 3970 g.

225 4005 292 4069 Pac.
319 4010 382 4070 137
408 4011 494 4083 quod
518 4011 648 4072 codices
670 4010 739 4071 VR
763 4010 819 4071 alii
843 4013 1005 4072 contextu
1029 4012 1203 4084 metroque
1226 4009 1343 4070 invitis
1366 4024 1459 4086 prae·

226 4118 297 4181 beni
328 4116 391 4198 μέλ’
428 4120 481 4182 ἐάν
511 4139 569 4199 pro
599 4117 657 4199 pil'
692 4121 742 4197 civ,
770 4123 803 4184 id
835 4124 922 4185 unde
952 4126 1070 4184 natum
1106 4125 1153 4183 sit
1187 4124 1307 4184 vitium
1341 4123 1457 4183 statim

226 4236 444 4317 intellegimus
479 4243 508 4303 si
544 4243 747 4304 MeAeAN
778 4245 812 4303 in
846 4245 1030 4319 archetypo
1066 4239 1098 4302 ἐκ
1134 4242 1270 4321 wippone
1296 4244 1458 4319 scriptum

227 4349 323 4415 fuisse
346 4356 526 4418 sumimus.
1334 4405 1380 4446 θαι

270 4472 399 4535 Similia
428 4472 507 4532 811111
538 4470 615 4531 Pac.
648 4471 713 4532 253
737 4471 771 4531 111
796 4470 825 4530 Β
848 4474 984 4549 χρῆσθαι
1006 4465 1127 4554 θάτέρᾳ)
1150 4468 1173 4529 1.
1199 4485 1227 4530 θ.
1251 4466 1458 4556 χρῆσθάτέρῳ,

257 4704 275 4765 ¹)
290 4709 355 4756 Hinc
373 4709 405 4754 nt
418 4711 450 4754 111
467 4704 578 4754 infinitis
598 4707 664 4754 locis
681 4707 787 4765 legetur
803 4707 830 4752 in
849 4706 983 4753 codicibus
1001 4710 1066 4753 lotar
1080 4720 1128 4766 pro
1144 4710 1193 4753 iou
1209 4702 1254 4768 (=
1272 4705 1318 4751 ioc’
1335 4705 1377 4752 vel
1393 4703 1460 4762 rae‘)

230 4792 362 4836 curatum.
381 4785 465 4836 0111111
481 4787 520 4833 rai
538 4789 600 4846 post
614 4786 763 4833 Bentleinm
778 4786 932 4833 notissimae
948 4787 1070 4847 exempla
1084 4786 1127 4832 hio
1137 4785 1284 4832 chortinon
1296 4787 1419 4844 astopns.
1429 4809 1460 4819 —

231 4864 358 4927 0111οη
375 4879 438 4927 pug-
457 4867 516 4927 iot,
535 4867 558 4912 2.

278 4955 323 4999 An.
1350 4949 1379 4993 Ὦ
