4067 5950
564 748 628 807 262
1004 759 1046 805 nu
1070 758 1177 804 ruxru
1200 758 1351 806 resumo.

560 948 661 1007 quam
703 931 849 992 fabulam
892 944 956 990 uon
999 929 1064 991 nlsl
1098 945 1117 990 a
1150 929 1349 1005 fragmentis
1390 930 1586 1004 quibusdam
1620 931 1767 1006 cognitam

559 1045 737 1122 habemus,
769 1044 952 1105 diffidenter
983 1043 1073 1117 loqui
1101 1057 1164 1104 nos
1193 1058 1254 1119 par
1283 1046 1352 1105 est:
1384 1044 1534 1119 equidem
1566 1046 1628 1106 hoc
1657 1060 1770 1119 quoque
1853 1041 1858 1118 J

560 1174 682 1220 nomen
724 1158 828 1219 errori
871 1157 971 1218 alicui
1011 1156 1122 1218 deberi
1161 1157 1312 1235 arbitror,
1349 1173 1424 1219 cum
1458 1160 1651 1234 praesertim
1682 1174 1773 1219 unam
1857 1158 1858 1167 ²

560 1274 694 1333 tanturn
717 1270 971 1333 Aeolosiconem
995 1270 1191 1345 cognovisse
1215 1270 1388 1331 videantur
1410 1272 1466 1345 qui
1488 1271 1602 1333 Vitam
1621 1273 1724 1333 comici
1742 1276 1774 1334 61

560 1386 801 1460 Prolegomena
823 1384 862 1445 de
886 1382 1063 1445 comoedia
1086 1383 1291 1457 scripserunt
1308 1379 1341 1453 ¹).

606 1499 746 1560 Restant
776 1496 992 1572 qnadraginta
1023 1494 1210 1556 tabularum
1242 1496 1389 1558 nomina.
1421 1498 1489 1559 Aut
1516 1499 1620 1574 igitur
1649 1501 1776 1573 quatuor

559 1612 697 1673 nomina
727 1612 848 1687 latent,
880 1612 938 1671 aut
967 1608 1080 1685 plures
1110 1608 1242 1670 tabulae
1272 1609 1510 1672 Alexandriam
1540 1627 1608 1673 uou
1637 1628 1776 1687 pervene-

560 1727 639 1786 runt
681 1727 716 1786 61
750 1726 806 1799 qui
842 1723 1061 1799 quadraginta
1094 1724 1238 1797 quatuor
1278 1722 1407 1785 fabulas
1442 1725 1569 1786 comico
1603 1724 1782 1786 tribuebant

560 1838 708 1915 duplices
731 1837 954 1899 numerabant
977 1835 1087 1897 Nubes
1111 1836 1230 1897 Pacem
1254 1835 1390 1898 Plutum
1413 1838 1673 1900 Aeolosiconem.

606 2065 750 2127 Fabulae
784 2065 864 2140 quin
894 2065 935 2125 ab
966 2066 1040 2142 ipso
1066 2069 1164 2141 poeta
1187 2067 1221 2126 in
1243 2067 1351 2127 lucem
1376 2066 1500 2127 luerint
1522 2067 1630 2129 editae
1652 2082 1713 2129 uon
1735 2071 1783 2128 est

563 2180 647 2254 quod
671 2179 872 2240 dubitemus.
896 2178 943 2239 Ne
965 2179 998 2239 id
1022 2179 1154 2255 quidem
1179 2178 1314 2241 dubium
1338 2180 1468 2241 videtur
1491 2182 1570 2254 quin
1593 2181 1684 2242 brevi
1701 2184 1782 2257 post·
1858 2188 1859 2193 ’

562 2310 661 2369 quarn
692 2294 727 2354 111
759 2293 939 2353 certamine
970 2292 1100 2368 publico
1130 2294 1277 2368 primum
1309 2296 1422 2354 essent
1452 2297 1547 2356 actae
1573 2295 1659 2370 apud
1680 2295 1783 2355 biblio·
1858 2360 1859 2363 ,

561 2408 655 2483 polae
676 2407 895 2483 prostiterint.
919 2406 956 2467 Id
979 2408 1064 2481 quod
1088 2410 1121 2467 et
1144 2409 1229 2469 ratio
1248 2408 1324 2484 lert,
1340 2443 1380 2452 -
1394 2424 1470 2469 nam
1491 2411 1564 2470 tum
1583 2410 1783 2485 praesertim,

562 2538 638 2584 cum
673 2537 779 2584 novae
813 2521 943 2582 fabulae
979 2521 1086 2582 fervet
1121 2524 1243 2599 gratia,
1272 2523 1369 2584 multi
1400 2528 1479 2584 sunt
1509 2525 1566 2598 qui
1596 2539 1786 2600 cognoscere

562 2652 638 2698 eam
670 2637 819 2713 cupiant,
846 2637 983 2696 -tum
1014 2650 1055 2695 ex
1074 2636 1257 2697 honarum
1288 2636 1431 2710 quodam
1461 2637 1533 2697 loco
1564 2637 1711 2713 efficitur,
1734 2636 1787 2696 ubi

562 2750 647 2824 quod
684 2749 878 2826 ,exercitati
910 2748 979 2809 iam
1010 2750 1105 2833 esee'’
1136 2750 1290 2810 dicuutur
1320 2752 1536 2827 spectatores,
1570 2752 1706 2827 ,quippe
1735 2751 1787 2825 qui

562 2880 623 2925 suo
655 2863 779 2938 singuli
809 2862 920 2924 libello
949 2864 1016 2923 iam
1050 2864 1118 2923 sint
1148 2864 1305 2939 muniti'’‚
1333 2865 1520 2926 miserrime
1543 2865 1714 2941 langueret
1736 2864 1788 2924 1116
1858 2896 1859 2933 1

564 2981 656 3039 iocus
679 2978 709 3038 si
732 2978 814 3038 artis
837 2978 908 3038 sive
932 2976 1115 3038 litterariae
1139 2979 1211 3038 sive
1234 2979 1435 3054 strategicae
1454 2981 1564 3040 nescio
1584 2996 1668 3055 quae
1686 2979 1788 3040 enchi·

562 3094 649 3154 ridia
682 3093 750 3153 illic
785 3094 898 3153 essent
932 3091 1164 3167 intellegenda.
1199 3092 1358 3154 Versibus
1392 3093 1473 3168 illis,
1506 3110 1588 3168 quos
1616 3093 1789 3170 postmodo
1857 3108 1860 3172 ῖ

564 3207 696 3268 additos
720 3206 870 3282 arbitror,
895 3206 1043 3266 comicus
1066 3207 1114 3266 ait
1135 3206 1280 3267 fabulam
1302 3211 1389 3284 tum,
1414 3223 1488 3267 cum
1510 3210 1655 3283 primum
1674 3210 1709 3268 in
1728 3223 1790 3268 cer·

563 3324 689 3384 tamine
713 3322 910 3396 Dionysiam
934 3322 1152 3397 spectaretur,
1170 3321 1386 3383 difficiliorem
1407 3322 1579 3384 intellectu
1598 3323 1790 3398 quibusdam

564 3439 652 3497 certe
678 3435 883 3495 auditoribus
906 3449 980 3494 esse
1003 3435 1127 3510 visam,
1152 3437 1284 3509 propter
1306 3435 1438 3496 crebros
1459 3435 1549 3498 locos
1572 3452 1615 3497 ex
1639 3438 1791 3513 Aeschyli
1860 3461 1862 3488 1

562 3549 794 3625 Euripidieque
826 3548 988 3608 dramatis
1017 3548 1155 3623 allatos3
1186 3549 1254 3609 iam
1285 3565 1376 3626 vero,
1401 3552 1579 3625 postquam
1600 3551 1700 3611 etiam
1727 3568 1790 3628 per·
1861 3589 1862 3598 1

563 3664 671 3739 legere
702 3679 776 3723 earn
807 3662 978 3737 potuerint
1009 3664 1043 3722 et
1073 3663 1189 3723 sedata
1219 3667 1331 3726 mente
1355 3678 1470 3724 secum
1493 3665 1705 3741 perpendere,
1731 3681 1790 3726 non
1859 3673 1860 3676 ’

563 3793 660 3853 posse
684 3777 788 3837 etiam
812 3777 990 3836 molestam
1015 3791 1089 3836 esee
1114 3777 1286 3852 cuiquam;
1311 3777 1431 3838 festive
1450 3779 1563 3839 autem
1584 3776 1682 3854 fingit
1700 3781 1793 3854 poeta
1859 3807 1860 3812 ¹

564 3891 714 3966 singulos
745 3893 950 3966 spectatores
981 3889 1153 3965 exemplar
1184 3891 1268 3965 apud
1300 3891 1512 3966 bibliopolam
1540 3895 1669 3953 emtum
1693 3908 1793 3954 manu

564 4005 633 4064 iarn
664 4006 779 4065 tenere
795 3999 829 4074 ²).
860 4005 1016 4064 Fortasse
1048 4019 1090 4064 ex
1122 4004 1238 4065 comici
1266 4005 1319 4065 his
1342 4006 1453 4066 verbis
1475 4008 1645 4081 praeterea
1669 4006 1793 4068 efficere

563 4118 640 4178 licet
670 4117 840 4177 Ranarum
873 4117 1050 4177 editionem
1078 4119 1261 4195 principem
1285 4121 1317 4180 in
1343 4122 1492 4197 margine
1515 4121 1672 4182 habuisse
1696 4155 1740 4166 —
1764 4124 1794 4182 et

566 4231 677 4305 quidni
701 4230 874 4291 habuerit?
899 4264 939 4273 —
965 4231 1134 4306 adscripta
1158 4233 1255 4293 talia:
1279 4233 1450 4312 ,Ac'oxrilog
1471 4233 1681 4313 Μυρμιδόσιν,
1700 4235 1790 4313 Εὐρι-

564 4344 655 4423 πίδης
679 4342 867 4429 Μελεάγρῳ”
892 4343 1027 4405 similia.

598 4674 618 4740 1)
636 4676 675 4725 Gi.
692 4676 764 4725 Pluti
782 4678 937 4737 hypothesis
954 4679 996 4726 111
1014 4681 1040 4726 et
1057 4677 1193 4726 Pletoniua
1211 4691 1291 4739 supra
1308 4692 1368 4739 pag.
1389 4681 1435 4726 185
1455 4681 1468 4739 §
1488 4681 1543 4728 861
1562 4682 1602 4728 10.

597 4753 619 4817 ²)
635 4759 699 4805 Bau.
733 4758 908 4806 1109-1118.
940 4758 980 4805 Oi.
1011 4759 1108 4819 Syllog.
1141 4759 1286 4806 Oommeut.
1312 4759 1339 4805 111
1366 4760 1427 4806 hou.
1453 4757 1529 4807 Couti
1557 4761 1700 4822 conscript
1729 4763 1790 4810 leet

567 4850 593 4898 p.
618 4839 650 4884 ab
673 4850 730 4897 sqq.
