<?xml version="1.0" encoding="UTF-8"?>
<!DOCTYPE html PUBLIC "-//W3C//DTD XHTML 1.0 Transitional//EN"
    "http://www.w3.org/TR/xhtml1/DTD/xhtml1-transitional.dtd">
<html xmlns="http://www.w3.org/1999/xhtml" xml:lang="en" lang="en">
 <head>
  <title>
</title>
<meta http-equiv="Content-Type" content="text/html;charset=utf-8" />
  <meta name='ocr-system' content='tesseract 3.04.00' />
  <meta name='ocr-capabilities' content='ocr_page ocr_carea ocr_par ocr_line ocrx_word'/>
</head>
<body>
  <div class='ocr_page' id='page_1' title='image "./prolegomenaadar01unkngoog_0340.png"; bbox 0 0 4067 5950; ppageno 0'>
   <div class='ocr_carea' id='block_1_1' title="bbox 579 709 1368 769">
    <p class='ocr_par' dir='ltr' id='par_1_1' title="bbox 579 709 1368 769">
     <span class='ocr_line' id='line_1_1' title="bbox 579 709 1368 769; baseline -0.005 -1"><span class='ocrx_word' id='word_1_1' title='bbox 579 709 644 769; x_wconf 82' lang='lat'>328</span> <span class='ocrx_word' id='word_1_2' title='bbox 1020 722 1062 766; x_wconf 83' lang='lat' dir='ltr'>nn</span> <span class='ocrx_word' id='word_1_3' title='bbox 1085 720 1192 766; x_wconf 81' lang='lat' dir='ltr'>raxru</span> <span class='ocrx_word' id='word_1_4' title='bbox 1215 719 1368 765; x_wconf 70' lang='lat' dir='ltr'>animno.</span> 
     </span>
    </p>
   </div>
   <div class='ocr_carea' id='block_1_2' title="bbox 577 884 1859 1428">
    <p class='ocr_par' dir='ltr' id='par_1_2' title="bbox 577 884 1859 1428">
     <span class='ocr_line' id='line_1_2' title="bbox 577 884 1792 971; baseline -0.005 -16"><span class='ocrx_word' id='word_1_5' title='bbox 577 895 713 970; x_wconf 76' lang='lat' dir='ltr'><strong>Legitur</strong></span> <span class='ocrx_word' id='word_1_6' title='bbox 736 897 849 956; x_wconf 85' lang='lat' dir='ltr'>autem</span> <span class='ocrx_word' id='word_1_7' title='bbox 872 894 963 971; x_wconf 79' lang='grc' dir='ltr'><strong><em>τῆσδε</em></strong></span> <span class='ocrx_word' id='word_1_8' title='bbox 985 901 1038 971; x_wconf 79' lang='grc' dir='ltr'>τῆς</span> <span class='ocrx_word' id='word_1_9' title='bbox 1061 894 1094 954; x_wconf 91' lang='lat' dir='ltr'>in</span> <span class='ocrx_word' id='word_1_10' title='bbox 1115 891 1338 967; x_wconf 84' lang='lat' dir='ltr'>sequioribus,</span> <span class='ocrx_word' id='word_1_11' title='bbox 1361 889 1418 951; x_wconf 88' lang='lat' dir='ltr'>sed</span> <span class='ocrx_word' id='word_1_12' title='bbox 1438 891 1572 951; x_wconf 88' lang='lat' dir='ltr'>servato</span> <span class='ocrx_word' id='word_1_13' title='bbox 1591 884 1675 967; x_wconf 77' lang='grc' dir='ltr'><strong><em>ἡμῶν</em></strong></span> <span class='ocrx_word' id='word_1_14' title='bbox 1693 905 1792 951; x_wconf 87' lang='lat' dir='ltr'>versus</span> 
     </span>
     <span class='ocr_line' id='line_1_3' title="bbox 577 1006 1524 1083; baseline -0.003 -14"><span class='ocrx_word' id='word_1_15' title='bbox 577 1010 691 1083; x_wconf 88' lang='lat' dir='ltr'>initio;</span> <span class='ocrx_word' id='word_1_16' title='bbox 717 1009 771 1069; x_wconf 87' lang='lat' dir='ltr'>bie</span> <span class='ocrx_word' id='word_1_17' title='bbox 793 1023 922 1082; x_wconf 85' lang='lat' dir='ltr'>quoque</span> <span class='ocrx_word' id='word_1_18' title='bbox 946 1023 1089 1068; x_wconf 84' lang='lat' dir='ltr'>nascens</span> <span class='ocrx_word' id='word_1_19' title='bbox 1113 1006 1369 1081; x_wconf 85' lang='lat' dir='ltr'>deprehenditur</span> <span class='ocrx_word' id='word_1_20' title='bbox 1393 1006 1524 1066; x_wconf 82' lang='lat' dir='ltr'>vitium.</span> 
     </span>
     <span class='ocr_line' id='line_1_4' title="bbox 622 1100 1859 1198; baseline -0.005 -16"><span class='ocrx_word' id='word_1_21' title='bbox 622 1123 697 1183; x_wconf 89' lang='lat' dir='ltr'>Pae.</span> <span class='ocrx_word' id='word_1_22' title='bbox 721 1122 785 1183; x_wconf 80' lang='lat'>987</span> <span class='ocrx_word' id='word_1_23' title='bbox 811 1136 881 1195; x_wconf 85' lang='lat' dir='ltr'>sqq.</span> <span class='ocrx_word' id='word_1_24' title='bbox 907 1120 979 1181; x_wconf 83' lang='lat' dir='ltr'>Hac</span> <span class='ocrx_word' id='word_1_25' title='bbox 1003 1123 1092 1197; x_wconf 84' lang='lat' dir='ltr'>adee,</span> <span class='ocrx_word' id='word_1_26' title='bbox 1116 1120 1206 1181; x_wconf 84' lang='lat' dir='ltr'>eima</span> <span class='ocrx_word' id='word_1_27' title='bbox 1228 1120 1300 1198; x_wconf 84' lang='lat' dir='ltr'>den,</span> <span class='ocrx_word' id='word_1_28' title='bbox 1329 1154 1368 1164; x_wconf 96' lang='lat'>-</span> <span class='ocrx_word' id='word_1_29' title='bbox 1393 1120 1442 1180; x_wconf 89' lang='lat' dir='ltr'>sie</span> <span class='ocrx_word' id='word_1_30' title='bbox 1465 1118 1637 1194; x_wconf 82' lang='lat' dir='ltr'>Trygaeus</span> <span class='ocrx_word' id='word_1_31' title='bbox 1659 1119 1794 1193; x_wconf 79' lang='lat' dir='ltr'>precatur</span> <span class='ocrx_word' id='word_1_32' title='bbox 1858 1100 1859 1112; x_wconf 44' lang='lat'>¹</span> 
     </span>
     <span class='ocr_line' id='line_1_5' title="bbox 578 1237 1043 1311; baseline -0.004 -14"><span class='ocrx_word' id='word_1_33' title='bbox 578 1238 619 1298; x_wconf 90' lang='lat' dir='ltr'>ad</span> <span class='ocrx_word' id='word_1_34' title='bbox 643 1237 779 1311; x_wconf 81' lang='lat' dir='ltr'>Pacem,</span> <span class='ocrx_word' id='word_1_35' title='bbox 805 1269 847 1280; x_wconf 95' lang='lat'><em>-</em></span> <span class='ocrx_word' id='word_1_36' title='bbox 871 1237 993 1296; x_wconf 79' lang='lat' dir='ltr'>ostende</span> <span class='ocrx_word' id='word_1_37' title='bbox 1016 1239 1043 1296; x_wconf 80' lang='lat' dir='ltr'>te</span> 
     </span>
     <span class='ocr_line' id='line_1_6' title="bbox 937 1345 1465 1428; baseline -0.008 -20"><span class='ocrx_word' id='word_1_38' title='bbox 937 1357 1183 1428; x_wconf 75' lang='grc' dir='ltr'><strong><em>γενναιοπρεπῶς</em></strong></span> <span class='ocrx_word' id='word_1_39' title='bbox 1206 1352 1303 1409; x_wconf 86' lang='grc' dir='ltr'><strong><em>τοῖσιν</em></strong></span> <span class='ocrx_word' id='word_1_40' title='bbox 1328 1345 1465 1427; x_wconf 78' lang='grc' dir='ltr'><strong><em>ἐρασταῖς</em></strong></span> 
     </span>
    </p>
   </div>
   <div class='ocr_carea' id='block_1_3' title="bbox 936 1454 1434 1542">
    <p class='ocr_par' dir='ltr' id='par_1_3' title="bbox 936 1454 1434 1542">
     <span class='ocr_line' id='line_1_7' title="bbox 936 1454 1434 1542; baseline -0.004 -20"><span class='ocrx_word' id='word_1_41' title='bbox 936 1458 1011 1541; x_wconf 68' lang='grc' dir='ltr'><strong><em>ἡμι·</em></strong></span> <span class='ocrx_word' id='word_1_42' title='bbox 1015 1485 1034 1522; x_wconf 91' lang='grc' dir='ltr'><strong><em>ν</em></strong></span> <span class='ocrx_word' id='word_1_43' title='bbox 1058 1463 1089 1523; x_wconf 85' lang='grc' dir='ltr'>οἳ</span> <span class='ocrx_word' id='word_1_44' title='bbox 1107 1470 1165 1523; x_wconf 76' lang='grc' dir='ltr'>σου</span> <span class='ocrx_word' id='word_1_45' title='bbox 1188 1454 1348 1542; x_wconf 78' lang='grc' dir='ltr'><strong>τρυχόμεθ’</strong></span> <span class='ocrx_word' id='word_1_46' title='bbox 1373 1458 1434 1539; x_wconf 76' lang='grc' dir='ltr'>ἤδη</span> 
     </span>
    </p>
   </div>
   <div class='ocr_carea' id='block_1_4' title="bbox 580 1571 1866 3919">
    <p class='ocr_par' dir='ltr' id='par_1_4' title="bbox 982 1571 1292 1655">
     <span class='ocr_line' id='line_1_8' title="bbox 982 1571 1292 1655; baseline -0.006 -19"><span class='ocrx_word' id='word_1_47' title='bbox 982 1576 1049 1654; x_wconf 91' lang='grc' dir='ltr'><strong><em>τρία</em></strong></span> <span class='ocrx_word' id='word_1_48' title='bbox 1072 1574 1123 1637; x_wconf 83' lang='grc' dir='ltr'>καί</span> <span class='ocrx_word' id='word_1_49' title='bbox 1147 1571 1206 1636; x_wconf 85' lang='grc' dir='ltr'><strong><em>δέκ’</em></strong></span> <span class='ocrx_word' id='word_1_50' title='bbox 1233 1575 1292 1655; x_wconf 84' lang='grc' dir='ltr'><strong><em>έτη.</em></strong></span> 
     </span>
    </p>

    <p class='ocr_par' dir='ltr' id='par_1_5' title="bbox 580 1686 1798 1884">
     <span class='ocr_line' id='line_1_9' title="bbox 624 1686 1798 1769; baseline -0.006 -18"><span class='ocrx_word' id='word_1_51' title='bbox 624 1691 752 1752; x_wconf 87' lang='lat' dir='ltr'>Vitium</span> <span class='ocrx_word' id='word_1_52' title='bbox 787 1695 900 1767; x_wconf 87' lang='lat' dir='ltr'>erepat</span> <span class='ocrx_word' id='word_1_53' title='bbox 936 1692 1105 1767; x_wconf 80' lang='lat' dir='ltr'><strong>genitivus</strong></span> <span class='ocrx_word' id='word_1_54' title='bbox 1139 1692 1239 1752; x_wconf 88' lang='lat' dir='ltr'>verbo</span> <span class='ocrx_word' id='word_1_55' title='bbox 1273 1690 1437 1769; x_wconf 77' lang='grc' dir='ltr'><strong><em>τρύχεσθαι</em></strong></span> <span class='ocrx_word' id='word_1_56' title='bbox 1470 1688 1662 1763; x_wconf 86' lang='lat' dir='ltr'>adiunctus,</span> <span class='ocrx_word' id='word_1_57' title='bbox 1692 1686 1798 1746; x_wconf 89' lang='lat' dir='ltr'>vitium</span> 
     </span>
     <span class='ocr_line' id='line_1_10' title="bbox 580 1801 1622 1884; baseline -0.006 -17"><span class='ocrx_word' id='word_1_58' title='bbox 580 1821 762 1881; x_wconf 84' lang='lat' dir='ltr'>pronomen</span> <span class='ocrx_word' id='word_1_59' title='bbox 786 1801 861 1883; x_wconf 78' lang='grc' dir='ltr'><strong><em>ἡμῖν</em></strong></span> <span class='ocrx_word' id='word_1_60' title='bbox 885 1807 1007 1867; x_wconf 83' lang='lat' dir='ltr'>misere</span> <span class='ocrx_word' id='word_1_61' title='bbox 1031 1801 1192 1884; x_wconf 78' lang='grc' dir='ltr'><strong><em>παρέλκοι.</em></strong></span> <span class='ocrx_word' id='word_1_62' title='bbox 1216 1804 1284 1880; x_wconf 79' lang='lat' dir='ltr'>Quo</span> <span class='ocrx_word' id='word_1_63' title='bbox 1308 1804 1418 1866; x_wconf 88' lang='lat' dir='ltr'>deleto</span> <span class='ocrx_word' id='word_1_64' title='bbox 1440 1803 1622 1864; x_wconf 82' lang='lat' dir='ltr'>scribatur:</span> 
     </span>
    </p>

    <p class='ocr_par' dir='ltr' id='par_1_6' title="bbox 848 1912 1516 1997">
     <span class='ocr_line' id='line_1_11' title="bbox 848 1912 1516 1997; baseline -0.004 -19"><span class='ocrx_word' id='word_1_65' title='bbox 848 1920 879 1979; x_wconf 81' lang='grc' dir='ltr'>οἳ</span> <span class='ocrx_word' id='word_1_66' title='bbox 900 1927 958 1979; x_wconf 78' lang='grc' dir='ltr'>σοῦ</span> <span class='ocrx_word' id='word_1_67' title='bbox 985 1916 1163 1997; x_wconf 83' lang='grc' dir='ltr'>(χωρίς)</span> <span class='ocrx_word' id='word_1_68' title='bbox 1190 1912 1349 1996; x_wconf 76' lang='grc' dir='ltr'><strong><em>τρυχόμεθ’</em></strong></span> <span class='ocrx_word' id='word_1_69' title='bbox 1375 1914 1435 1995; x_wconf 78' lang='grc' dir='ltr'>ἤδη</span> <span class='ocrx_word' id='word_1_70' title='bbox 1459 1914 1516 1976; x_wconf 68' lang='lat' dir='ltr'>uri.</span> 
     </span>
    </p>

    <p class='ocr_par' dir='ltr' id='par_1_7' title="bbox 581 2026 1800 2222">
     <span class='ocr_line' id='line_1_12' title="bbox 625 2026 1800 2106; baseline -0.007 -12"><span class='ocrx_word' id='word_1_71' title='bbox 625 2032 708 2094; x_wconf 79' lang='lat' dir='ltr'>(ium</span> <span class='ocrx_word' id='word_1_72' title='bbox 740 2033 794 2093; x_wconf 86' lang='lat' dir='ltr'>hie</span> <span class='ocrx_word' id='word_1_73' title='bbox 824 2033 906 2094; x_wconf 86' lang='lat' dir='ltr'>loeis</span> <span class='ocrx_word' id='word_1_74' title='bbox 938 2033 1151 2094; x_wconf 83' lang='lat' dir='ltr'>conferamus</span> <span class='ocrx_word' id='word_1_75' title='bbox 1184 2033 1271 2094; x_wconf 90' lang='lat' dir='ltr'>Plut.</span> <span class='ocrx_word' id='word_1_76' title='bbox 1306 2033 1380 2094; x_wconf 86' lang='lat'>148.</span> <span class='ocrx_word' id='word_1_77' title='bbox 1408 2032 1468 2093; x_wconf 91' lang='lat' dir='ltr'>Ubi</span> <span class='ocrx_word' id='word_1_78' title='bbox 1492 2032 1564 2106; x_wconf 88' lang='lat' dir='ltr'>ipse</span> <span class='ocrx_word' id='word_1_79' title='bbox 1587 2031 1627 2091; x_wconf 91' lang='lat' dir='ltr'>de</span> <span class='ocrx_word' id='word_1_80' title='bbox 1650 2045 1686 2090; x_wconf 89' lang='lat' dir='ltr'>se</span> <span class='ocrx_word' id='word_1_81' title='bbox 1709 2026 1800 2099; x_wconf 79' lang='lat' dir='ltr'>Cario,</span> 
     </span>
     <span class='ocr_line' id='line_1_13' title="bbox 581 2147 1157 2222; baseline -0.002 -15"><span class='ocrx_word' id='word_1_82' title='bbox 581 2147 683 2207; x_wconf 84' lang='lat' dir='ltr'>sortis</span> <span class='ocrx_word' id='word_1_83' title='bbox 707 2147 919 2221; x_wconf 82' lang='lat' dir='ltr'>iniquitatem</span> <span class='ocrx_word' id='word_1_84' title='bbox 945 2147 1157 2222; x_wconf 85' lang='lat' dir='ltr'>indignatus:</span> 
     </span>
    </p>

    <p class='ocr_par' dir='ltr' id='par_1_8' title="bbox 582 2255 1801 2794">
     <span class='ocr_line' id='line_1_14' title="bbox 699 2255 1331 2342; baseline -0.002 -23"><span class='ocrx_word' id='word_1_85' title='bbox 699 2284 704 2296; x_wconf 91' lang='lat'><strong>·</strong></span> <span class='ocrx_word' id='word_1_86' title='bbox 760 2257 852 2342; x_wconf 82' lang='grc' dir='ltr'><strong><em>έγωγέ</em></strong></span> <span class='ocrx_word' id='word_1_87' title='bbox 874 2281 920 2321; x_wconf 92' lang='grc' dir='ltr'>τοι</span> <span class='ocrx_word' id='word_1_88' title='bbox 943 2258 995 2320; x_wconf 80' lang='grc' dir='ltr'>διὰ</span> <span class='ocrx_word' id='word_1_89' title='bbox 1017 2258 1128 2339; x_wconf 78' lang='grc' dir='ltr'><strong><em>μικρὸν</em></strong></span> <span class='ocrx_word' id='word_1_90' title='bbox 1150 2255 1331 2339; x_wconf 73' lang='grc' dir='ltr'><strong><em>ἀργυρίδιον</em></strong></span> 
     </span>
     <span class='ocr_line' id='line_1_15' title="bbox 758 2371 1634 2456; baseline -0.002 -23"><span class='ocrx_word' id='word_1_91' title='bbox 758 2374 869 2447; x_wconf 73' lang='grc' dir='ltr'><strong><em>δοῦλος</em></strong></span> <span class='ocrx_word' id='word_1_92' title='bbox 893 2372 1064 2456; x_wconf 75' lang='grc' dir='ltr'><strong><em>γεγένημαι,</em></strong></span> <span class='ocrx_word' id='word_1_93' title='bbox 1091 2371 1156 2434; x_wconf 86' lang='grc' dir='ltr'><strong><em>διδι</em></strong></span> <span class='ocrx_word' id='word_1_94' title='bbox 1180 2371 1217 2433; x_wconf 78' lang='grc' dir='ltr'>τὸ</span> <span class='ocrx_word' id='word_1_95' title='bbox 1242 2371 1291 2451; x_wconf 78' lang='grc' dir='ltr'>μὴ</span> <span class='ocrx_word' id='word_1_96' title='bbox 1315 2376 1506 2433; x_wconf 73' lang='grc' dir='ltr'><strong><em>πλουτεῖν</em></strong></span> <span class='ocrx_word' id='word_1_97' title='bbox 1529 2371 1634 2445; x_wconf 79' lang='grc' dir='ltr'><strong><em>ἴσως.</em></strong></span> 
     </span>
     <span class='ocr_line' id='line_1_16' title="bbox 582 2488 1801 2568; baseline 0.002 -20"><span class='ocrx_word' id='word_1_98' title='bbox 582 2488 634 2549; x_wconf 83' lang='lat' dir='ltr'>Sic</span> <span class='ocrx_word' id='word_1_99' title='bbox 657 2489 695 2566; x_wconf 83' lang='lat' dir='ltr'>R,</span> <span class='ocrx_word' id='word_1_100' title='bbox 720 2504 826 2563; x_wconf 87' lang='lat' dir='ltr'>neque</span> <span class='ocrx_word' id='word_1_101' title='bbox 850 2490 917 2551; x_wconf 88' lang='lat' dir='ltr'>elia</span> <span class='ocrx_word' id='word_1_102' title='bbox 940 2489 1042 2550; x_wconf 88' lang='lat' dir='ltr'>verba</span> <span class='ocrx_word' id='word_1_103' title='bbox 1065 2490 1200 2566; x_wconf 82' lang='lat' dir='ltr'>praebet</span> <span class='ocrx_word' id='word_1_104' title='bbox 1223 2488 1261 2564; x_wconf 88' lang='lat' dir='ltr'>V,</span> <span class='ocrx_word' id='word_1_105' title='bbox 1288 2488 1346 2548; x_wconf 90' lang='lat' dir='ltr'>sed</span> <span class='ocrx_word' id='word_1_106' title='bbox 1369 2488 1505 2564; x_wconf 77' lang='lat' dir='ltr'>praebet</span> <span class='ocrx_word' id='word_1_107' title='bbox 1524 2488 1621 2549; x_wconf 88' lang='lat' dir='ltr'>aliter</span> <span class='ocrx_word' id='word_1_108' title='bbox 1641 2491 1801 2568; x_wconf 72' lang='lat' dir='ltr'>disposita:</span> 
     </span>
     <span class='ocr_line' id='line_1_17' title="bbox 760 2599 1662 2682; baseline 0.001 -20"><span class='ocrx_word' id='word_1_109' title='bbox 760 2600 852 2682; x_wconf 76' lang='grc' dir='ltr'><strong><em>ἔγωγέ</em></strong></span> <span class='ocrx_word' id='word_1_110' title='bbox 874 2625 920 2663; x_wconf 86' lang='grc' dir='ltr'>τοι</span> <span class='ocrx_word' id='word_1_111' title='bbox 943 2600 994 2661; x_wconf 85' lang='grc' dir='ltr'><strong><em>διδι</em></strong></span> <span class='ocrx_word' id='word_1_112' title='bbox 1017 2601 1128 2682; x_wconf 87' lang='grc' dir='ltr'><strong><em>μιιιρδν</em></strong></span> <span class='ocrx_word' id='word_1_113' title='bbox 1150 2599 1330 2681; x_wconf 80' lang='grc' dir='ltr'><strong><em>ἀργυρίδιον</em></strong></span> <span class='ocrx_word' id='word_1_114' title='bbox 1352 2600 1462 2672; x_wconf 83' lang='grc' dir='ltr'><strong><em>δοῦλος</em></strong></span> <span class='ocrx_word' id='word_1_115' title='bbox 1484 2599 1662 2682; x_wconf 81' lang='grc' dir='ltr'><strong><em>γεγένημαι,</em></strong></span> 
     </span>
     <span class='ocr_line' id='line_1_18' title="bbox 764 2714 1210 2794; baseline -0.007 -18"><span class='ocrx_word' id='word_1_116' title='bbox 764 2714 816 2776; x_wconf 82' lang='grc' dir='ltr'>διὰ</span> <span class='ocrx_word' id='word_1_117' title='bbox 839 2714 872 2776; x_wconf 79' lang='grc' dir='ltr'>τὸ</span> <span class='ocrx_word' id='word_1_118' title='bbox 897 2714 939 2794; x_wconf 79' lang='grc' dir='ltr'>μὴ</span> <span class='ocrx_word' id='word_1_119' title='bbox 963 2719 1105 2775; x_wconf 76' lang='grc' dir='ltr'><strong><em>πλουτεῖν</em></strong></span> <span class='ocrx_word' id='word_1_120' title='bbox 1129 2714 1210 2786; x_wconf 79' lang='grc' dir='ltr'><strong><em>ἴσως.</em></strong></span> 
     </span>
    </p>

    <p class='ocr_par' dir='ltr' id='par_1_9' title="bbox 582 2829 1866 3480">
     <span class='ocr_line' id='line_1_19' title="bbox 627 2829 1866 2904; baseline 0.002 -16"><span class='ocrx_word' id='word_1_121' title='bbox 627 2829 699 2889; x_wconf 83' lang='lat' dir='ltr'>Non</span> <span class='ocrx_word' id='word_1_122' title='bbox 742 2830 887 2892; x_wconf 89' lang='lat' dir='ltr'>multum</span> <span class='ocrx_word' id='word_1_123' title='bbox 925 2830 1004 2891; x_wconf 88' lang='lat' dir='ltr'>huie</span> <span class='ocrx_word' id='word_1_124' title='bbox 1041 2831 1089 2890; x_wconf 91' lang='lat' dir='ltr'>rei</span> <span class='ocrx_word' id='word_1_125' title='bbox 1127 2830 1367 2904; x_wconf 86' lang='lat' dir='ltr'>tribueremus,</span> <span class='ocrx_word' id='word_1_126' title='bbox 1409 2843 1488 2889; x_wconf 90' lang='lat' dir='ltr'>nam</span> <span class='ocrx_word' id='word_1_127' title='bbox 1535 2830 1661 2904; x_wconf 84' lang='lat' dir='ltr'>passim</span> <span class='ocrx_word' id='word_1_128' title='bbox 1698 2848 1803 2893; x_wconf 86' lang='lat' dir='ltr'>versus</span> <span class='ocrx_word' id='word_1_129' title='bbox 1857 2861 1866 2875; x_wconf 63' lang='lat'><em>„</em></span> 
     </span>
     <span class='ocr_line' id='line_1_20' title="bbox 583 2880 1859 3023; baseline 0.001 -20"><span class='ocrx_word' id='word_1_130' title='bbox 583 2943 617 3003; x_wconf 91' lang='lat' dir='ltr'>iu</span> <span class='ocrx_word' id='word_1_131' title='bbox 640 2943 668 3003; x_wconf 87' lang='lat' dir='ltr'><strong>V</strong></span> <span class='ocrx_word' id='word_1_132' title='bbox 691 2944 780 3006; x_wconf 92' lang='lat' dir='ltr'>male</span> <span class='ocrx_word' id='word_1_133' title='bbox 811 2947 892 3006; x_wconf 84' lang='lat' dir='ltr'>sunt</span> <span class='ocrx_word' id='word_1_134' title='bbox 923 2945 1071 3021; x_wconf 86' lang='lat' dir='ltr'>diremti,</span> <span class='ocrx_word' id='word_1_135' title='bbox 1103 2944 1170 3005; x_wconf 86' lang='lat' dir='ltr'>nisi</span> <span class='ocrx_word' id='word_1_136' title='bbox 1200 2944 1275 3020; x_wconf 87' lang='lat' dir='ltr'>ipsa</span> <span class='ocrx_word' id='word_1_137' title='bbox 1307 2941 1408 3005; x_wconf 86' lang='lat' dir='ltr'>verba</span> <span class='ocrx_word' id='word_1_138' title='bbox 1439 2940 1577 3020; x_wconf 76' lang='grc' dir='ltr'><strong><em>,διὰτὸ</em></strong></span> <span class='ocrx_word' id='word_1_139' title='bbox 1605 2943 1647 3023; x_wconf 77' lang='grc' dir='ltr'>μὴ</span> <span class='ocrx_word' id='word_1_140' title='bbox 1676 2949 1804 3007; x_wconf 77' lang='grc' dir='ltr'><strong><em>πλουτεῖν</em></strong></span> <span class='ocrx_word' id='word_1_141' title='bbox 1856 2880 1859 2980; x_wconf 70' lang='grc' dir='ltr'><strong><em>ί</em></strong></span> 
     </span>
     <span class='ocr_line' id='line_1_21' title="bbox 582 3054 1803 3134; baseline 0.005 -21"><span class='ocrx_word' id='word_1_142' title='bbox 582 3054 676 3128; x_wconf 83' lang='grc' dir='ltr'><strong><em>ἴσος”</em></strong></span> <span class='ocrx_word' id='word_1_143' title='bbox 708 3061 839 3134; x_wconf 82' lang='lat' dir='ltr'>egregie</span> <span class='ocrx_word' id='word_1_144' title='bbox 869 3058 1096 3134; x_wconf 83' lang='lat' dir='ltr'>displicerent.</span> <span class='ocrx_word' id='word_1_145' title='bbox 1124 3058 1248 3119; x_wconf 89' lang='lat' dir='ltr'>Verum</span> <span class='ocrx_word' id='word_1_146' title='bbox 1272 3058 1306 3117; x_wconf 91' lang='lat' dir='ltr'>in</span> <span class='ocrx_word' id='word_1_147' title='bbox 1330 3058 1482 3133; x_wconf 82' lang='lat' dir='ltr'>margine</span> <span class='ocrx_word' id='word_1_148' title='bbox 1505 3058 1630 3119; x_wconf 85' lang='lat' dir='ltr'>codicis</span> <span class='ocrx_word' id='word_1_149' title='bbox 1655 3061 1683 3120; x_wconf 88' lang='lat' dir='ltr'>R</span> <span class='ocrx_word' id='word_1_150' title='bbox 1706 3064 1803 3121; x_wconf 87' lang='lat' dir='ltr'>extat:</span> 
     </span>
     <span class='ocr_line' id='line_1_22' title="bbox 584 3171 1804 3255; baseline 0.003 -23"><span class='ocrx_word' id='word_1_151' title='bbox 584 3175 790 3254; x_wconf 55' lang='grc' dir='ltr'><strong><em>ᾼιιρόιερον</em></strong></span> <span class='ocrx_word' id='word_1_152' title='bbox 814 3171 858 3233; x_wconf 81' lang='grc' dir='ltr'>ὢν</span> <span class='ocrx_word' id='word_1_153' title='bbox 881 3173 1050 3255; x_wconf 79' lang='grc' dir='ltr'><strong><em>ἐλεύθερος.</em></strong></span> <span class='ocrx_word' id='word_1_154' title='bbox 1075 3175 1165 3251; x_wconf 81' lang='lat' dir='ltr'>Quae</span> <span class='ocrx_word' id='word_1_155' title='bbox 1188 3176 1291 3236; x_wconf 90' lang='lat' dir='ltr'>verba</span> <span class='ocrx_word' id='word_1_156' title='bbox 1314 3174 1393 3236; x_wconf 87' lang='lat' dir='ltr'>lieet</span> <span class='ocrx_word' id='word_1_157' title='bbox 1416 3176 1512 3250; x_wconf 89' lang='lat' dir='ltr'>signe</span> <span class='ocrx_word' id='word_1_158' title='bbox 1535 3183 1584 3253; x_wconf 49' lang='lat'>²2*</span> <span class='ocrx_word' id='word_1_159' title='bbox 1607 3179 1648 3239; x_wconf 90' lang='lat' dir='ltr'>ad</span> <span class='ocrx_word' id='word_1_160' title='bbox 1671 3181 1804 3254; x_wconf 89' lang='lat' dir='ltr'>primum</span> 
     </span>
     <span class='ocr_line' id='line_1_23' title="bbox 584 3288 1806 3366; baseline -0.002 -15"><span class='ocrx_word' id='word_1_161' title='bbox 584 3290 730 3351; x_wconf 86' lang='lat' dir='ltr'>trimetri</span> <span class='ocrx_word' id='word_1_162' title='bbox 760 3290 898 3350; x_wconf 88' lang='lat' dir='ltr'>verbum</span> <span class='ocrx_word' id='word_1_163' title='bbox 930 3288 1039 3360; x_wconf 79' lang='grc' dir='ltr'><strong><em>δοῦλος</em></strong></span> <span class='ocrx_word' id='word_1_164' title='bbox 1071 3289 1260 3350; x_wconf 89' lang='lat' dir='ltr'>referantur</span> <span class='ocrx_word' id='word_1_165' title='bbox 1282 3288 1360 3365; x_wconf 86' lang='lat' dir='ltr'>illie,</span> <span class='ocrx_word' id='word_1_166' title='bbox 1386 3304 1503 3350; x_wconf 90' lang='lat' dir='ltr'>revera</span> <span class='ocrx_word' id='word_1_167' title='bbox 1527 3293 1632 3366; x_wconf 88' lang='lat' dir='ltr'>ipsius</span> <span class='ocrx_word' id='word_1_168' title='bbox 1655 3293 1806 3353; x_wconf 88' lang='lat' dir='ltr'>enuntiati</span> 
     </span>
     <span class='ocr_line' id='line_1_24' title="bbox 585 3404 1782 3480; baseline -0.001 -15"><span class='ocrx_word' id='word_1_169' title='bbox 585 3420 658 3465; x_wconf 87' lang='lat' dir='ltr'>esse</span> <span class='ocrx_word' id='word_1_170' title='bbox 681 3407 812 3480; x_wconf 88' lang='lat' dir='ltr'>partem</span> <span class='ocrx_word' id='word_1_171' title='bbox 835 3405 943 3464; x_wconf 88' lang='lat' dir='ltr'>sensit</span> <span class='ocrx_word' id='word_1_172' title='bbox 966 3404 1178 3477; x_wconf 89' lang='lat' dir='ltr'>Heimreieh;</span> <span class='ocrx_word' id='word_1_173' title='bbox 1205 3404 1380 3477; x_wconf 83' lang='lat' dir='ltr'>sicigitur</span> <span class='ocrx_word' id='word_1_174' title='bbox 1404 3419 1478 3464; x_wconf 90' lang='lat' dir='ltr'>cum</span> <span class='ocrx_word' id='word_1_175' title='bbox 1504 3404 1562 3465; x_wconf 90' lang='lat' dir='ltr'>illo</span> <span class='ocrx_word' id='word_1_176' title='bbox 1586 3406 1782 3467; x_wconf 88' lang='lat' dir='ltr'>scribamus:</span> 
     </span>
    </p>

    <p class='ocr_par' dir='ltr' id='par_1_10' title="bbox 584 3513 1804 3919">
     <span class='ocr_line' id='line_1_25' title="bbox 764 3513 1624 3596; baseline 0.001 -20"><span class='ocrx_word' id='word_1_177' title='bbox 764 3517 872 3587; x_wconf 77' lang='grc' dir='ltr'><strong><em>δοῦλος</em></strong></span> <span class='ocrx_word' id='word_1_178' title='bbox 896 3514 1073 3596; x_wconf 79' lang='grc' dir='ltr'><strong><em>γεγένημαι,</em></strong></span> <span class='ocrx_word' id='word_1_179' title='bbox 1094 3517 1292 3595; x_wconf 89' lang='grc' dir='ltr'><strong><em>πρότερον</em></strong></span> <span class='ocrx_word' id='word_1_180' title='bbox 1316 3513 1366 3576; x_wconf 83' lang='grc' dir='ltr'>διν</span> <span class='ocrx_word' id='word_1_181' title='bbox 1391 3515 1624 3596; x_wconf 77' lang='grc' dir='ltr'><strong><em>ἐλεύθερος,</em></strong></span> 
     </span>
     <span class='ocr_line' id='line_1_26' title="bbox 585 3632 1803 3707; baseline -0.002 -15"><span class='ocrx_word' id='word_1_182' title='bbox 585 3633 660 3692; x_wconf 83' lang='lat' dir='ltr'>olim</span> <span class='ocrx_word' id='word_1_183' title='bbox 682 3632 759 3691; x_wconf 83' lang='lat' dir='ltr'>liber</span> <span class='ocrx_word' id='word_1_184' title='bbox 783 3647 884 3706; x_wconf 81' lang='lat' dir='ltr'>eram,</span> <span class='ocrx_word' id='word_1_185' title='bbox 907 3633 961 3691; x_wconf 79' lang='lat' dir='ltr'>aed</span> <span class='ocrx_word' id='word_1_186' title='bbox 978 3635 1109 3707; x_wconf 76' lang='lat' dir='ltr'>propter</span> <span class='ocrx_word' id='word_1_187' title='bbox 1123 3647 1263 3706; x_wconf 76' lang='lat' dir='ltr'>parvam</span> <span class='ocrx_word' id='word_1_188' title='bbox 1276 3633 1431 3706; x_wconf 75' lang='lat' dir='ltr'>pecuniae</span> <span class='ocrx_word' id='word_1_189' title='bbox 1448 3648 1613 3693; x_wconf 79' lang='grc' dir='ltr'><strong><em>οιιιιινοονο</em></strong></span> <span class='ocrx_word' id='word_1_190' title='bbox 1635 3667 1674 3676; x_wconf 92' lang='grc'>-</span> <span class='ocrx_word' id='word_1_191' title='bbox 1689 3633 1803 3707; x_wconf 88' lang='lat' dir='ltr'>publice</span> 
     </span>
     <span class='ocr_line' id='line_1_27' title="bbox 584 3745 1804 3821; baseline -0.002 -17"><span class='ocrx_word' id='word_1_192' title='bbox 584 3745 700 3820; x_wconf 88' lang='lat' dir='ltr'>opinor</span> <span class='ocrx_word' id='word_1_193' title='bbox 723 3747 851 3805; x_wconf 89' lang='lat' dir='ltr'>aerario</span> <span class='ocrx_word' id='word_1_194' title='bbox 876 3745 1022 3806; x_wconf 89' lang='lat' dir='ltr'>debitam</span> <span class='ocrx_word' id='word_1_195' title='bbox 1050 3779 1090 3788; x_wconf 96' lang='lat'><em>-</em></span> <span class='ocrx_word' id='word_1_196' title='bbox 1111 3760 1220 3805; x_wconf 83' lang='lat' dir='ltr'>eervue</span> <span class='ocrx_word' id='word_1_197' title='bbox 1237 3761 1310 3805; x_wconf 84' lang='lat' dir='ltr'>eum</span> <span class='ocrx_word' id='word_1_198' title='bbox 1326 3747 1440 3820; x_wconf 78' lang='lat' dir='ltr'>factae.</span> <span class='ocrx_word' id='word_1_199' title='bbox 1461 3746 1500 3804; x_wconf 93' lang='lat' dir='ltr'>In</span> <span class='ocrx_word' id='word_1_200' title='bbox 1519 3746 1698 3821; x_wconf 83' lang='lat' dir='ltr'>archetypo</span> <span class='ocrx_word' id='word_1_201' title='bbox 1717 3746 1804 3820; x_wconf 89' lang='lat' dir='ltr'>igitur</span> 
     </span>
     <span class='ocr_line' id='line_1_28' title="bbox 585 3858 797 3919; baseline 0.005 -2"><span class='ocrx_word' id='word_1_202' title='bbox 585 3859 668 3919; x_wconf 85' lang='lat' dir='ltr'>haee</span> <span class='ocrx_word' id='word_1_203' title='bbox 690 3858 797 3918; x_wconf 85' lang='lat' dir='ltr'>fuere:</span> 
     </span>
    </p>
   </div>
   <div class='ocr_carea' id='block_1_5' title="bbox 808 3967 1549 4218">
    <p class='ocr_par' dir='ltr' id='par_1_11' title="bbox 808 3967 1549 4218">
     <span class='ocr_line' id='line_1_29' title="bbox 808 3967 1379 4050; baseline -0.002 -20"><span class='ocrx_word' id='word_1_204' title='bbox 808 3967 901 4050; x_wconf 78' lang='grc' dir='ltr'><strong><em>ἔγωγέ</em></strong></span> <span class='ocrx_word' id='word_1_205' title='bbox 922 3992 969 4030; x_wconf 89' lang='grc' dir='ltr'>τοι</span> <span class='ocrx_word' id='word_1_206' title='bbox 992 3968 1044 4030; x_wconf 79' lang='grc' dir='ltr'>διὰ</span> <span class='ocrx_word' id='word_1_207' title='bbox 1067 3968 1176 4050; x_wconf 79' lang='grc' dir='ltr'><strong><em>μικρὸν</em></strong></span> <span class='ocrx_word' id='word_1_208' title='bbox 1199 3967 1379 4050; x_wconf 78' lang='grc' dir='ltr'><strong><em>ἀργυρίδιον</em></strong></span> 
     </span>
     <span class='ocr_line' id='line_1_30' title="bbox 987 4065 1405 4128; baseline -0.002 -12"><span class='ocrx_word' id='word_1_209' title='bbox 987 4069 1027 4116; x_wconf 86' lang='grc' dir='ltr'>διά</span> <span class='ocrx_word' id='word_1_210' title='bbox 1045 4069 1072 4115; x_wconf 80' lang='grc' dir='ltr'>ιδ</span> <span class='ocrx_word' id='word_1_211' title='bbox 1089 4069 1121 4128; x_wconf 76' lang='grc' dir='ltr'>μὴ</span> <span class='ocrx_word' id='word_1_212' title='bbox 1138 4074 1247 4116; x_wconf 70' lang='grc' dir='ltr'><strong><em>πλουτεῖν</em></strong></span> <span class='ocrx_word' id='word_1_213' title='bbox 1265 4065 1405 4128; x_wconf 65' lang='grc' dir='ltr'><strong><em>ίιιοινῶςέ)</em></strong></span> 
     </span>
     <span class='ocr_line' id='line_1_31' title="bbox 809 4135 1549 4218; baseline 0.001 -21"><span class='ocrx_word' id='word_1_214' title='bbox 809 4139 918 4209; x_wconf 77' lang='grc' dir='ltr'><strong><em>δοῦλος</em></strong></span> <span class='ocrx_word' id='word_1_215' title='bbox 941 4137 1119 4218; x_wconf 89' lang='grc' dir='ltr'><strong><em>γεγένημαι,</em></strong></span> <span class='ocrx_word' id='word_1_216' title='bbox 1143 4139 1289 4218; x_wconf 87' lang='grc' dir='ltr'><strong><em>πρότερον</em></strong></span> <span class='ocrx_word' id='word_1_217' title='bbox 1314 4135 1357 4198; x_wconf 83' lang='grc' dir='ltr'>δον</span> <span class='ocrx_word' id='word_1_218' title='bbox 1380 4137 1549 4217; x_wconf 60' lang='lat' dir='ltr'>trebereos.</span> 
     </span>
    </p>
   </div>
   <div class='ocr_carea' id='block_1_6' title="bbox 588 4250 1804 4560">
    <p class='ocr_par' dir='ltr' id='par_1_12' title="bbox 588 4250 1804 4560">
     <span class='ocr_line' id='line_1_32' title="bbox 632 4250 1804 4330; baseline -0.007 -16"><span class='ocrx_word' id='word_1_219' title='bbox 632 4253 747 4314; x_wconf 83' lang='lat' dir='ltr'>Simile</span> <span class='ocrx_word' id='word_1_220' title='bbox 771 4253 848 4327; x_wconf 91' lang='lat' dir='ltr'>quid</span> <span class='ocrx_word' id='word_1_221' title='bbox 873 4253 929 4326; x_wconf 85' lang='lat' dir='ltr'>Eq.</span> <span class='ocrx_word' id='word_1_222' title='bbox 953 4254 1018 4314; x_wconf 78' lang='lat'>325</span> <span class='ocrx_word' id='word_1_223' title='bbox 1043 4253 1175 4314; x_wconf 82' lang='lat' dir='ltr'>accidit.</span> <span class='ocrx_word' id='word_1_224' title='bbox 1199 4252 1264 4313; x_wconf 90' lang='lat' dir='ltr'>Ubi</span> <span class='ocrx_word' id='word_1_225' title='bbox 1287 4255 1322 4314; x_wconf 88' lang='lat' dir='ltr'>et</span> <span class='ocrx_word' id='word_1_226' title='bbox 1344 4253 1372 4312; x_wconf 89' lang='lat' dir='ltr'>V</span> <span class='ocrx_word' id='word_1_227' title='bbox 1391 4255 1425 4315; x_wconf 93' lang='lat' dir='ltr'>et</span> <span class='ocrx_word' id='word_1_228' title='bbox 1444 4253 1472 4313; x_wconf 87' lang='lat' dir='ltr'>R</span> <span class='ocrx_word' id='word_1_229' title='bbox 1492 4256 1526 4313; x_wconf 89' lang='lat' dir='ltr'>et</span> <span class='ocrx_word' id='word_1_230' title='bbox 1545 4250 1804 4330; x_wconf 84' lang='lat' dir='ltr'>eeteripraebent</span> 
     </span>
     <span class='ocr_line' id='line_1_33' title="bbox 588 4368 898 4429; baseline -0.003 -1"><span class='ocrx_word' id='word_1_231' title='bbox 588 4369 675 4429; x_wconf 88' lang='lat' dir='ltr'>hane</span> <span class='ocrx_word' id='word_1_232' title='bbox 699 4368 898 4429; x_wconf 81' lang='lat' dir='ltr'>lectionem:</span> 
     </span>
     <span class='ocr_line' id='line_1_34' title="bbox 766 4478 1618 4560; baseline 0.001 -20"><span class='ocrx_word' id='word_1_233' title='bbox 766 4479 927 4541; x_wconf 80' lang='grc' dir='ltr'><strong><em>ἀναίδειαν</em></strong></span> <span class='ocrx_word' id='word_1_234' title='bbox 950 4479 1026 4560; x_wconf 77' lang='grc' dir='ltr'><strong><em>ἥπερ</em></strong></span> <span class='ocrx_word' id='word_1_235' title='bbox 1049 4480 1129 4559; x_wconf 76' lang='grc' dir='ltr'><strong><em>μόνη</em></strong></span> <span class='ocrx_word' id='word_1_236' title='bbox 1153 4485 1315 4559; x_wconf 80' lang='grc' dir='ltr'><strong><em>προστατεῖ</em></strong></span> <span class='ocrx_word' id='word_1_237' title='bbox 1332 4489 1406 4540; x_wconf 82' lang='grc' dir='ltr'>τῶν</span> <span class='ocrx_word' id='word_1_238' title='bbox 1430 4478 1618 4560; x_wconf 72' lang='grc' dir='ltr'><strong><em>ρητόρων.</em></strong></span> 
     </span>
    </p>
   </div>
   <div class='ocr_carea' id='block_1_7' title="bbox 622 4773 1537 4840">
    <p class='ocr_par' dir='ltr' id='par_1_13' title="bbox 622 4773 1537 4840">
     <span class='ocr_line' id='line_1_35' title="bbox 622 4773 1537 4840; baseline -0.001 -15"><span class='ocrx_word' id='word_1_239' title='bbox 622 4773 868 4840; x_wconf 76' lang='grc' dir='ltr'>ι)Ηιιιυ11οο,1ιοι1</span> <span class='ocrx_word' id='word_1_240' title='bbox 886 4779 1004 4838; x_wconf 86' lang='lat' dir='ltr'>ineptum</span> <span class='ocrx_word' id='word_1_241' title='bbox 1023 4779 1103 4833; x_wconf 74' lang='grc' dir='ltr'><strong><em>ἴσως,</em></strong></span> <span class='ocrx_word' id='word_1_242' title='bbox 1120 4777 1250 4838; x_wconf 81' lang='lat' dir='ltr'>interpres</span> <span class='ocrx_word' id='word_1_243' title='bbox 1268 4777 1373 4826; x_wconf 78' lang='lat' dir='ltr'>videtur</span> <span class='ocrx_word' id='word_1_244' title='bbox 1391 4777 1537 4839; x_wconf 84' lang='lat' dir='ltr'>seripsisse.</span> 
     </span>
    </p>
   </div>
   <div class='ocr_carea' id='block_1_8' title="bbox 0 0 2053 5950">
    <p class='ocr_par' dir='ltr' id='par_1_14' title="bbox 0 0 2053 5950">
     <span class='ocr_line' id='line_1_36' title="bbox 0 0 2053 5950; baseline 0 0"><span class='ocrx_word' id='word_1_245' title='bbox 0 0 2053 5950; x_wconf 95' lang='lat' dir='ltr'> </span> 
     </span>
    </p>
   </div>
  </div>
 </body>
</html>
