4067 5950
520 725 540 788 8
1035 742 1076 786 ua
1099 739 1225 786 norrun
1263 768 1268 776 .

520 923 599 970 nam
629 910 678 971 rei
708 909 860 985 publicae
890 913 1126 988 praeciduntur
1148 926 1252 972 venae
1283 913 1318 972 et
1340 911 1459 974 humor
1480 910 1595 971 vitalis
1617 911 1753 986 diffluit,

521 1036 597 1082 cum
627 1023 676 1083 sic
706 1025 853 1087 saevitur
883 1027 918 1085 in
949 1027 1041 1101 ipsos
1071 1024 1218 1098 regionis
1247 1022 1383 1083 incolas.
1414 1023 1501 1084 Fieri
1530 1040 1596 1084 non
1619 1028 1753 1099 poterat

521 1141 559 1198 ut
577 1136 740 1198 militibus
759 1138 937 1213 Spartiatis
954 1137 1040 1199 bello
1060 1138 1226 1198 absumtis
1244 1137 1324 1198 novi
1342 1151 1475 1212 semper
1488 1141 1751 1204 succrescerent,

522 1250 633 1310 nullus
652 1251 740 1310 enim
760 1255 831 1312 erat
849 1251 1186 1313 Lacedaemoniorum
1204 1251 1359 1328 populus,
1379 1265 1444 1312 non
1468 1255 1541 1312 erat
1559 1250 1670 1328 populi
1687 1251 1753 1311 ilos

523 1362 624 1436 aliqui
654 1365 688 1423 et
718 1364 827 1441 robur,
859 1365 916 1426 sed
946 1366 1156 1427 dominorum
1187 1365 1438 1426 inclementiam
1464 1379 1570 1439 pauca
1591 1364 1685 1425 milia
1709 1397 1750 1406 -

523 1478 663 1549 quatuor
680 1476 748 1536 iere
767 1477 858 1539 fuere
875 1482 1024 1555 tempore
1042 1480 1120 1541 belli
1139 1480 1263 1540 Persici
1280 1475 1312 1555 ¹),
1327 1480 1390 1540 duo
1401 1479 1534 1540 saeculo
1546 1479 1699 1552 sequenti
1714 1473 1750 1551 ²),

524 1589 615 1650 mille
646 1605 728 1650 aevo
758 1590 965 1655 Macedonico
993 1625 1028 1636 -
1055 1593 1136 1654 duro
1166 1594 1303 1653 servitio
1333 1591 1564 1668 opprimebant
1585 1592 1754 1667 perioecos

521 1703 592 1762 iure
623 1706 772 1763 carentes
788 1697 811 1773 ³)
842 1705 1013 1780 multoque
1047 1707 1148 1767 etiam
1176 1706 1311 1766 saevius
1344 1703 1580 1779 proculcabant
1609 1705 1751 1779 belotae,

523 1815 657 1890 perinde
687 1818 784 1890 atque
816 1832 951 1879 muscas
981 1833 1039 1879 eos
1069 1818 1285 1894 perimentes,
1314 1819 1344 1877 si
1366 1816 1450 1878 forte
1473 1817 1663 1879 viderentur
1686 1833 1750 1878 mo-

523 1929 614 2005 lesti,
642 1963 682 1972 -
708 1933 742 1990 et
771 1947 939 2006 nunquam
966 1949 1032 1994 non
1058 1933 1192 1993 molesti
1214 1931 1412 1992 videbantur
1434 1933 1558 2006 posteri
1580 1932 1750 1993 hominum

524 2042 588 2117 qui.
602 2057 678 2103 cum
701 2044 827 2105 Atridis
848 2042 982 2106 Troiam
1005 2047 1085 2108 olim
1108 2048 1274 2121 ceperant.

569 2156 786 2217 Auctoritatis
809 2159 911 2233 igitur
933 2160 1119 2220 reverentia
1141 2159 1175 2218 in
1198 2158 1375 2234 Spartiatis
1395 2162 1467 2220 erat
1485 2173 1562 2220 vere
1581 2158 1750 2231 militaris,

526 2272 560 2329 et
593 2271 815 2333 mutationum
847 2274 959 2334 odium
990 2273 1032 2335 iis
1063 2274 1135 2334 erat
1163 2287 1229 2334 non
1261 2274 1373 2333 minus
1402 2273 1565 2345 militare;
1596 2271 1655 2331 sed
1690 2284 1753 2330 non

525 2382 700 2444 accedebat
727 2399 814 2446 nova
843 2388 994 2448 tentandi
1020 2388 1180 2463 studium,
1210 2389 1295 2462 quod
1318 2386 1455 2447 fortium
1478 2387 1754 2456 strenuorumque

526 2496 673 2558 militum
703 2500 898 2574 praesertim
930 2502 1099 2577 proprium
1127 2517 1203 2563 esse
1233 2503 1329 2564 solet.
1361 2500 1450 2561 Setis
1472 2499 1562 2560 beati
1584 2497 1648 2558 sibi
1672 2498 1755 2558 vide·

529 2609 648 2671 bantur
671 2611 808 2686 Spartae
832 2614 936 2690 cives,
960 2615 990 2674 si
1013 2630 1146 2676 servare
1169 2616 1284 2676 liceret
1307 2629 1392 2689 quae
1414 2613 1494 2674 olim
1518 2612 1552 2671 vi
1574 2611 1755 2686 cepissent;

528 2738 607 2785 nam
637 2739 656 2785 e
684 2725 840 2804 statione,
873 2742 973 2801 quam
1003 2729 1037 2787 in
1060 2729 1193 2803 regione
1216 2744 1278 2790 sua
1300 2730 1358 2788 sed
1382 2728 1440 2786 vix
1465 2742 1527 2787 sua
1550 2724 1754 2800 obtinebant,

528 2853 569 2898 ne
592 2838 794 2914 pellerentur
816 2843 973 2915 perpetuo
996 2857 1096 2917 opera
1118 2846 1191 2904 erat
1214 2843 1332 2903 danda.
1364 2842 1479 2914 Itaque
1502 2838 1663 2914 singulari
1686 2853 1755 2898 cau·

527 2951 616 3014 tione
635 2953 778 3028 undique
798 2955 952 3032 protecti,
978 2955 1018 3016 ab
1039 2957 1188 3017 externis
1205 2954 1397 3018 hominibus
1416 2954 1516 3014 anxia
1531 2967 1610 3014 cura
1621 2949 1755 3027 seclusi,

529 3067 642 3128 sedulo
675 3071 832 3129 caventes
857 3084 900 3129 ne
929 3085 1091 3131 novarum
1122 3086 1235 3132 rerum
1267 3071 1422 3131 notitiam
1455 3069 1507 3129 vel
1536 3068 1647 3127 studia
1669 3067 1757 3127 intra

528 3178 611 3241 fines
631 3196 709 3241 suos
730 3182 944 3243 admitterent
961 3184 1141 3258 perniciem
1161 3186 1309 3259 ipsorum
1326 3183 1472 3244 dominio
1491 3180 1648 3255 allatura,
1671 3181 1757 3240 idem

528 3297 703 3355 censentes
722 3298 844 3357 mutari
861 3298 946 3371 quod
958 3297 1138 3374 corrumpi,
1157 3298 1264 3358 vitam
1278 3298 1436 3357 vivebant
1446 3308 1599 3355 severam
1612 3292 1756 3352 militum

529 3407 563 3467 in
583 3422 661 3482 agro
681 3409 796 3470 hostili
813 3412 924 3471 castra
941 3412 1190 3486 occupantium,
1211 3412 1401 3485 peregrinos
1423 3422 1534 3469 mores
1554 3409 1588 3466 et
1608 3406 1758 3465 homines

527 3523 717 3597 peregrinos
748 3526 914 3601 arcentes,
944 3525 1138 3599 peregrinas
1168 3526 1319 3599 regiones
1343 3538 1448 3598 neque
1471 3522 1631 3582 adeuntes
1653 3533 1757 3593 neque

528 3638 640 3698 mente
670 3641 880 3717 appetentes,
911 3639 1040 3715 legibus
1067 3641 1202 3715 scriptis
1225 3640 1426 3714 pecuniaque
1450 3638 1583 3712 signata
1608 3668 1646 3678 —
1671 3635 1758 3694 vitae

529 3765 703 3826 prosperae
726 3755 825 3828 atque
848 3752 930 3813 bene
955 3754 1158 3827 compositae
1181 3753 1356 3829 praesidiis
1379 3786 1418 3795 -
1446 3752 1610 3824 carentes,
1635 3763 1655 3808 a
1677 3762 1760 3808 mer·

530 3866 644 3925 cetura
675 3869 708 3925 et
738 3864 876 3940 opificiis
906 3866 1019 3942 alieni,
1051 3867 1085 3926 in
1115 3867 1257 3941 tuguriis
1288 3865 1360 3925 rudi
1391 3866 1460 3925 arte
1485 3862 1644 3924 coniectis
1670 3860 1757 3920 habi·

530 3981 655 4055 tentes,
688 3994 769 4040 cena
800 3981 947 4041 contenti
974 3981 1066 4041 tenui
1090 3980 1280 4053 nullamque
1304 3979 1477 4039 varietatis
1500 3976 1635 4036 habenti
1657 3975 1758 4035 delec-

529 4092 703 4153 tationem.
744 4093 920 4154 Militarem
956 4095 1062 4154 vitam
1098 4095 1269 4169 vivebant,
1306 4106 1476 4152 armorum
1519 4088 1685 4150 exercitiis
1727 4088 1760 4147 et

529 4206 700 4267 venationi
730 4210 889 4267 vacantes
919 4223 1062 4284 semper,
1100 4206 1183 4268 bene
1213 4206 1317 4267 validi
1346 4206 1562 4278 laborumque
1591 4202 1759 4277 patientis·

530 4318 622 4396 simi,
654 4323 688 4379 et
711 4322 825 4379 tamen
849 4354 889 4363 —
914 4335 932 4380 o
957 4335 1068 4380 rerum
1096 4320 1319 4379 humanarum
1344 4318 1429 4377 mira
1451 4316 1690 4376 inconstantia!
1719 4347 1753 4357 -

567 4553 587 4616 ¹)
605 4558 669 4604 Octo
692 4556 764 4603 milia
787 4558 823 4604 sit
844 4557 994 4603 Herodotus
1019 4554 1079 4616 (VII
1103 4554 1173 4613 284);
1199 4554 1246 4600 sed
1271 4556 1298 4600 et
1320 4553 1390 4599 hunc
1413 4563 1560 4611 numerum,
1582 4552 1612 4596 nt
1637 4548 1711 4604 alios,
1732 4544 1760 4592 in

532 4637 618 4683 mains
634 4634 739 4683 ridetur
755 4639 880 4683 mutasse.

567 4710 588 4774 ²)
605 4715 685 4762 moer.
702 4715 753 4763 x11
771 4716 784 4773 s
803 4716 861 4762 ass.

565 4789 586 4857 8)
604 4794 714 4843 aristot.
731 4795 807 4842 Polie.
825 4794 852 4842 11
870 4796 884 4842 e
904 4796 916 4851 a
935 4796 973 4841 11.
