4067 5950
735 774 812 817 vira
835 773 874 816 nr
898 769 1067 815 ornareris.
1470 758 1510 816 21

286 941 423 1014 luentis,
456 943 488 1001 et
518 941 660 1002 alteram
692 943 875 1016 imaginem
906 942 1116 1003 Athenarum
1148 942 1188 1001 ad
1211 941 1390 1015 pristinum
1413 941 1515 1026 decus

286 1057 320 1113 et
342 1054 548 1128 opulentiam
572 1057 765 1115 renatarum
780 1099 787 1115 .
802 1099 809 1115 .
825 1099 832 1116 .

331 1167 455 1242 Nempe
486 1169 518 1228 in
549 1171 666 1244 poetae
690 1171 821 1242 pectore
845 1167 1037 1228 innocentia
1058 1165 1195 1240 puerilis
1218 1166 1376 1226 comitem
1400 1165 1516 1225 habuit

284 1297 391 1354 sagax
415 1297 554 1342 acumen
575 1283 699 1356 ingenii
718 1296 796 1341 vere
816 1282 931 1342 virilia.
954 1281 1134 1341 Hominum
1154 1281 1305 1356 precibus
1325 1280 1378 1340 vel
1397 1281 1515 1354 iurgiis

284 1395 468 1466 retorqueri
497 1410 561 1454 non
586 1409 684 1469 posse
707 1396 868 1469 temporis
892 1395 1082 1469 decursum,
1107 1394 1253 1468 fugiebat
1275 1396 1337 1454 hoc
1359 1395 1513 1455 iuvenem

283 1507 518 1580 superstitione
549 1507 683 1568 amabili
715 1511 904 1583 correptum
937 1522 998 1567 nec
1028 1506 1235 1566 dubitantem
1263 1506 1340 1580 quin
1365 1522 1406 1567 ex
1430 1523 1512 1568 aevo

283 1620 506 1695 praeterlapso
535 1621 603 1696 peti
633 1624 770 1695 possent
799 1621 944 1681 remedia
974 1620 1015 1680 ad
1046 1621 1230 1680 sanandam
1260 1620 1401 1693 patriam
1424 1620 1511 1680 labo·

282 1735 432 1807 rantem;
456 1734 513 1794 sed
536 1749 656 1794 aevum
682 1735 891 1810 hodiernum,
916 1733 1195 1806 quemadmodum
1217 1747 1259 1793 ex
1278 1733 1420 1808 pristino
1443 1749 1514 1808 pro·

282 1844 394 1919 fluxit,
419 1845 467 1906 sic
491 1847 565 1906 aevi
588 1847 691 1906 futuri
713 1846 832 1914 habere
852 1860 971 1907 causas
989 1849 1024 1905 et
1043 1845 1187 1921 semina,
1206 1845 1392 1905 iuventutis
1410 1846 1512 1920 igitur

282 1958 512 2018 educationem
546 1975 619 2019 esse
643 1975 712 2020 rem
738 1959 890 2020 omnium
913 1957 1009 2032 longe
1033 1959 1283 2032 gravissimam,
1308 1959 1426 2032 quippe
1450 1973 1515 2032 qua

282 2070 434 2144 neglecta
463 2086 568 2146 neque
597 2073 631 2132 in
662 2073 782 2133 altiora
815 2072 895 2132 eniti
926 2087 1031 2145 neque
1063 2071 1179 2132 florere
1210 2087 1315 2144 neque
1345 2071 1450 2130 tutari
1475 2087 1511 2132 se

281 2184 388 2257 possit
406 2184 539 2258 civitas,
560 2186 592 2246 id
611 2186 715 2245 nihilo
735 2187 847 2245 minus
863 2185 973 2244 vivide
993 2185 1160 2259 persensit
1178 2200 1278 2258 quam
1296 2184 1512 2259 philosophus

281 2298 445 2356 senectuti
472 2299 612 2374 propior,
644 2299 700 2373 qui
729 2299 810 2358 item
841 2313 938 2358 suum
963 2297 1104 2358 ducebat
1128 2298 1358 2372 prudentiores
1381 2298 1516 2357 reddere

280 2409 448 2485 homines,
474 2414 511 2470 ut
535 2411 689 2471 meliores
711 2411 939 2484 felicioresque
961 2409 1097 2484 fierent;
1121 2411 1177 2484 qui
1200 2425 1332 2485 operam
1358 2411 1456 2470 dabat
1475 2412 1513 2469 ut

281 2523 448 2596 cogitandi
479 2526 586 2583 artem
626 2538 681 2583 eos
715 2524 860 2598 doceret,
897 2526 934 2583 ut
966 2539 1044 2583 vero
1075 2527 1247 2599 perspecto
1277 2523 1412 2583 sibimet
1447 2524 1512 2597 ipsi

280 2637 468 2708 temperare
491 2637 655 2697 discerent
681 2639 714 2697 et
741 2653 860 2697 severa
883 2636 1058 2712 disciplina
1080 2650 1152 2696 eam
1177 2636 1371 2696 felicitatem
1397 2637 1512 2711 adipis·

282 2751 445 2824 ceremur,
477 2764 577 2821 quam
610 2765 673 2809 non
706 2765 803 2810 caeca
834 2750 967 2810 fortuna
991 2751 1049 2809 aut
1072 2747 1205 2824 praebet
1231 2750 1432 2823 aulantem,
1457 2751 1514 2809 sed

282 2861 346 2934 ipsi
378 2861 441 2920 eibi
473 2863 605 2936 pariunt
630 2863 790 2923 mortales
814 2878 920 2936 neque
943 2865 1074 2937 partam
1098 2863 1256 2922 amittere
1279 2865 1416 2937 queunt,
1440 2877 1515 2935 quo-

283 2974 373 3033 niam
396 2977 531 3036 unicum
555 2976 682 3036 malum
707 2979 759 3036 est
783 2978 851 3037 veri
874 2977 1047 3051 ignoratio.

326 3088 380 3148 Sic
411 3104 487 3149 oum
518 3090 654 3150 Socrate
684 3090 852 3150 concurrit
878 3090 1129 3164 Aristophanes.
1154 3089 1226 3150 Non
1249 3092 1362 3149 tamen
1386 3090 1513 3149 socium

283 3201 355 3260 viro
378 3200 456 3261 huic
480 3203 657 3262 maturiori
680 3218 717 3263 66
741 3203 892 3277 adiungit
915 3203 1124 3278 adulescens
1149 3203 1206 3262 sed
1229 3203 1455 3263 adversarium
1480 3218 1516 3261 se

283 3314 314 3373 ei
344 3315 486 3389 opponit.
519 3316 710 3375 Educationi
743 3316 934 3391 propaginis
964 3317 1204 3376 succrescentis
1238 3317 1395 3389 quoniam
1428 3317 1516 3375 inest

282 3442 360 3501 spes
383 3428 544 3503 civitatis,
571 3430 725 3489 Socrates
749 3429 839 3489 cives
862 3429 992 3489 futuros
1015 3427 1056 3489 ab
1080 3429 1245 3489 erroribus
1269 3430 1415 3504 avocari,
1437 3444 1516 3488 vera

283 3540 393 3600 doceri
423 3540 527 3615 iubet,
560 3542 682 3616 spretis
710 3542 807 3601 vanis
830 3542 1004 3601 hominum
1030 3542 1240 3601 commentis.
1265 3542 1419 3615 seipsos
1444 3556 1514 3615 cog-

283 3658 460 3731 noscunto,
481 3670 587 3729 neque
603 3657 681 3728 quid
697 3656 753 3715 alii
768 3656 965 3730 perhibeant
980 3655 1104 3715 olimve
1120 3655 1347 3729 perhibuerint
1359 3659 1513 3730 rogante,

284 3769 342 3827 sed
373 3772 555 3841 sequuntor
586 3784 671 3843 quae
701 3784 780 3828 vera
810 3772 843 3829 et
875 3771 966 3829 recta
997 3770 1032 3828 et
1061 3768 1164 3842 proba
1187 3784 1260 3829 esse
1283 3768 1431 3828 sentiant
1453 3768 1517 3843 ipsi

284 3882 476 3957 incorrupto
493 3898 596 3943 sanae
612 3884 737 3943 mentis
757 3882 877 3943 iudicio
897 3883 959 3942 usi.
979 3880 1079 3941 Falsa
1098 3884 1132 3941 et
1150 3897 1254 3956 prava
1272 3897 1315 3941 ex
1327 3882 1514 3953 aequalium

285 3995 453 4053 mentibus
484 4011 544 4055 ceu
576 3995 690 4055 lolium
723 3994 840 4055 infelix
872 3995 986 4055 evellit
1017 3994 1087 4070 ille,
1119 3996 1155 4054 ut
1178 3994 1327 4054 melioris
1350 3995 1517 4054 doctrinae

285 4106 490 4180 germinibus
524 4108 568 4167 ibi
602 4106 660 4167 ilat
688 4108 788 4167 locus
831 4108 871 4167 ad
913 4108 999 4167 laete
1034 4108 1326 4181 procrescendum;
1366 4107 1518 4180 vulgares

285 4222 458 4283 hominum
490 4224 659 4298 opiniones
690 4239 795 4297 quam
822 4223 930 4283 multa
959 4222 1104 4283 habeant
1134 4222 1238 4281 stulta
1270 4225 1302 4281 et
1333 4222 1459 4297 inania,
1485 4226 1519 4281 et

286 4338 448 4408 quantum
478 4336 613 4395 intersit
641 4337 727 4395 inter
757 4335 960 4409 probabilem
992 4334 1182 4410 opinionem
1207 4336 1395 4406 certamque
1418 4335 1518 4393 scien·

287 4450 385 4523 tiam,
422 4448 536 4507 sedulo
579 4450 798 4521 demonstrat,
835 4451 871 4507 ut
911 4448 951 4507 ad
986 4463 1066 4508 vera
1104 4448 1297 4519 sinceraque
1336 4447 1517 4521 appetenda

289 4562 412 4621 excitet
435 4561 624 4621 auditores.
640 4606 668 4621 ..

333 4674 395 4733 Sed
419 4674 708 4748 sapientissimum
733 4674 829 4733 illum
852 4673 1045 4733 mortalium
1071 4673 1228 4732 admirari
1251 4675 1310 4731 aut
1333 4686 1444 4731 amare
1464 4672 1520 4744 qui

291 4786 399 4859 potest
423 4789 520 4859 poeta
540 4787 695 4847 iuvenis?
714 4788 834 4847 Veram
854 4802 964 4846 rerum
986 4788 1142 4846 naturam
1162 4785 1217 4857 qui
1236 4786 1389 4860 appetere
1410 4784 1521 4858 potius
