4067 5950
574 758 640 819 324
1013 776 1056 821 ur
1079 777 1189 823 ruxnu
1211 778 1364 824 nmmo.

617 945 766 1007 Tertium
790 947 983 1024 exemplum
1007 950 1078 1009 esto
1101 949 1188 1010 Piut.
1216 950 1312 1025 1170,
1338 950 1395 1011 ubi
1419 953 1452 1012 et
1475 951 1509 1011 in
1533 951 1562 1011 V
1582 952 1616 1012 et
1634 951 1666 1011 in
1684 951 1709 1010 R
1725 954 1777 1011 est:

795 1054 832 1120 ἵν’
859 1056 975 1132 εὐθέως
999 1060 1173 1135 διακονικὸς
1197 1056 1278 1122 εἷναί
1299 1084 1364 1139 μοι
1388 1062 1480 1148 δοκῇς
1498 1059 1531 1135 ¹).

616 1292 867 1363 Frequentiores
886 1292 966 1352 sunt
977 1306 1110 1368 versus,
1130 1292 1188 1352 ubi
1200 1295 1374 1354 extrusum
1389 1296 1441 1355 est
1454 1294 1594 1355 verbum
1607 1293 1780 1368 genuinum,

570 1406 608 1465 ut
630 1404 777 1481 spatium
798 1403 895 1465 fieret
917 1405 1042 1481 spurio.

614 1515 727 1593 Viam,
759 1532 824 1590 qua
853 1517 1084 1578 huiuscemodi
1108 1518 1192 1578 vitia
1216 1518 1435 1597 irrepserunt,
1459 1521 1628 1581 munitam
1650 1520 1781 1580 videmus
1841 1510 1844 1599 J

568 1631 623 1691 ubi
642 1631 979 1706 interpretamentum
1000 1630 1141 1692 habetur
1160 1646 1218 1706 pro
1235 1631 1378 1693 lectione
1393 1632 1507 1694 altera.
1521 1633 1608 1694 Nam
1620 1631 1782 1709 periculum
1843 1606 1844 1615 ἵ

568 1746 640 1805 erat
663 1758 705 1804 ne
728 1744 834 1804 altera
856 1743 915 1805 illa
933 1743 1032 1805 lectio
1056 1759 1136 1805 mox
1154 1745 1261 1819 potior
1280 1746 1449 1807 videretur
1466 1748 1499 1807 et
1517 1747 1685 1808 mentione
1702 1745 1783 1806 unice

569 1858 679 1932 digna.
703 1858 738 1919 Ε.
764 1874 794 1932 g.
819 1857 906 1919 Plut.
933 1858 996 1918 106
1022 1858 1056 1917 in
1080 1857 1108 1916 V
1131 1857 1294 1934 legimus:

792 1968 834 2048 μὰ
856 1968 909 2030 τὸν
933 1965 987 2030 di‘·
1012 1968 1050 2030 οὐ
1074 1968 1131 2050 γάρ
1155 1968 1235 2029 ἐστιν
1258 1968 1347 2042 ἄλλος
1371 1970 1450 2049 πλὴν
1474 1969 1541 2053 ἐγώ.
1611 1996 1655 2053 γρ.
1678 1971 1744 2051 ἐμοῦ

568 2084 641 2145 Noli
672 2086 817 2162 credere,
850 2099 929 2145 nam
961 2084 1101 2146 meliora
1131 2086 1227 2147 docet
1258 2086 1299 2162 R,
1333 2087 1367 2146 in
1396 2102 1461 2160 quo
1492 2088 1695 2163 adscriptum
1727 2089 1782 2147 est:

567 2196 656 2257 duri
682 2206 752 2259 τοῦ
778 2195 863 2276 ἐμοῦ.

612 2313 799 2389 Utrumque
822 2312 970 2374 codicem
994 2313 1117 2374 similis
1140 2330 1231 2375 error
1254 2315 1379 2375 invasit
1401 2315 1487 2376 Plut.
1515 2316 1618 2377 1093:

612 2425 718 2486 ἱκανὸν
740 2425 798 2508 γὰρ
821 2424 920 2502 αὐτὴν
943 2425 1090 2505 πρότερον
1113 2423 1316 2499 inimemor&
1339 2427 1458 2507 χρόνον.
1525 2451 1570 2507 γρ.
1594 2426 1757 2508 ὑπεπθίρων

567 2540 621 2600 Sic
645 2540 689 2614 V;
713 2541 797 2602 item
821 2542 849 2601 R
873 2541 906 2601 in
930 2540 1084 2601 scholiis:
1109 2563 1154 2620 γρ.
1178 2538 1229 2601 καὶ
1247 2537 1426 2621 durarique.
1447 2542 1554 2603 Meroe
1573 2557 1693 2618 nugas.
1712 2542 1784 2603 Olim

691 2657 789 2717 incipero

564 2724 629 2785 fuit
654 2722 842 2784 ὑπεπίττουν.

610 2837 730 2897 Textui
762 2838 850 2898 certe
879 2836 963 2897 locis
995 2837 1094 2897 modo
1125 2836 1269 2897 laudatis
1291 2838 1345 2898 vis
1369 2851 1434 2898 non
1458 2841 1511 2898 est
1533 2836 1637 2898 illata.
1662 2838 1787 2898 iuvere

564 2952 641 3011 ante
672 2950 786 3012 oculos
815 2952 950 3011 nostros
972 2950 1006 3011 in
1031 2950 1059 3010 R
1085 2948 1157 3010 fieri
1180 2950 1333 3012 videmus
1356 2950 1489 3013 Thesm.
1515 2952 1598 3025 193;
1624 2951 1680 3011 ubi
1701 2950 1785 3011 libra·
1841 2938 1842 2947 ’

564 3067 634 3128 rius
656 3066 762 3127 dedit:
1841 3055 1842 3058 ’

787 3173 854 3238 οὐδ’
882 3175 922 3249 ὡς
945 3176 1017 3237 ὅταν
1042 3172 1164 3254 μάλισθ’
1189 3174 1250 3237 ὑπό
1274 3199 1327 3238 του
1354 3177 1539 3255 *compedes

565 3294 647 3370 Quid
667 3295 855 3354 corrector?
874 3293 1017 3352 Litteras
1038 3284 1120 3366 quas
1136 3290 1280 3352 stellulis
1303 3291 1527 3353 indicavimus
1547 3292 1650 3353 erasit
1668 3290 1786 3363 sedulo,

564 3408 638 3468 dein
673 3422 789 3467 earum
824 3406 895 3467 loco
927 3406 1060 3481 scripsit
1090 3427 1149 3480 κιν,
1180 3419 1240 3465 nec
1276 3405 1345 3465 iam
1377 3421 1475 3465 verae
1505 3405 1661 3466 lectionis
1691 3404 1787 3465 ulium

563 3523 693 3582 extaret
725 3520 905 3595 vestigium
931 3552 971 3562 -
996 3533 1075 3579 nam
1100 3535 1117 3579 e
1141 3518 1212 3579 solo
1239 3518 1268 3578 R
1291 3519 1378 3579 hanc
1401 3518 1550 3579 fabulam
1574 3518 1729 3580 novimus
1751 3550 1787 3560 -

563 3636 628 3695 nisi
661 3635 746 3695 forte
776 3634 910 3694 fortuna
941 3633 1028 3708 apud
1059 3632 1195 3692 suidam
1227 3634 1364 3692 servata
1395 3634 1500 3694 esset:
1532 3632 1725 3710 ληκώμεθα.
1755 3630 1786 3690 Id

562 3750 663 3824 igitur
693 3747 871 3822 scripserat
898 3745 1068 3821 librarius,
1100 3747 1266 3806 corrector
1289 3761 1369 3806 vero
1393 3746 1547 3822 exemplo
1570 3762 1654 3807 usus
1676 3747 1710 3806 in
1732 3758 1789 3818 quo

787 3860 909 3912 πιθώμεθα

560 3928 732 4004 legebatur
762 3926 940 4004 ληκώμεθα,
970 3941 1027 4000 pro
1061 3925 1295 3986 emendatione
1318 3924 1435 3986 habuit
1458 3927 1788 4001 interpretamentum

560 4042 653 4104 verbi
683 4040 746 4102 sibi
776 4040 895 4116 ignoti,
925 4039 1011 4113 quod
1042 4039 1203 4100 vitiosum
1235 4039 1385 4100 ducebat.
1416 4039 1531 4114 Ipsum
1558 4042 1674 4100 autem
1696 4040 1786 4099 inter·

560 4144 816 4231 protumentum'
833 4152 914 4213 illud
938 4167 956 4213 θ
979 4150 1139 4230 orospeda
1163 4154 1211 4224 (ut
1234 4152 1371 4222 assolet)
1396 4155 1590 4228 corruptum
1614 4155 1677 4213 est.

604 4270 668 4330 Hic
690 4268 792 4343 igitur
819 4259 863 4325 ἐπ’
889 4263 1058 4349 αὐτοφώρῳ
1082 4266 1279 4340 deprensum
1304 4269 1460 4326 tenemus
1483 4263 1691 4325 maleficum:
1715 4261 1788 4324 aiibi
1843 4223 1844 4268 ³

559 4384 717 4444 delictum
747 4383 799 4441 est
829 4382 1069 4456 perpetratum.
1101 4379 1155 4439 Sic
1185 4379 1242 4452 Eo.
1275 4380 1340 4439 669
1369 4378 1592 4453 Paphlagonis
1624 4380 1789 4438 senatores
1843 4415 1844 4480 ἶ

559 4496 736 4557 retinentis
760 4493 862 4555 verba
886 4494 969 4553 haec
990 4494 1088 4553 sunt:
1113 4492 1304 4567 opperimur
1322 4507 1513 4567 parumper,
1532 4507 1657 4567 precor,

591 4773 639 4814 ¹-
723 4775 740 4821 b
809 4808 815 4820 .

589 4774 612 4913 ’ἰ
627 4776 726 4903 aig:
741 4776 871 4914 :suffitum
889 4855 931 4899 est
948 4853 1077 4900 oninium
1093 4864 1141 4912 pro
1158 4853 1309 4906 danninum,
1327 4851 1397 4910 quod
1415 4849 1522 4897 aliunde
1540 4852 1582 4896 est
1597 4851 1754 4897 restitutum.
