4067 5950
694 824 774 869 8888
796 824 836 870 nr
858 823 1028 872 88888888.
1412 810 1475 870 145

242 992 411 1055 femineae
441 994 536 1056 donis
557 995 591 1057 id
614 995 747 1073 debent,
771 996 830 1058 sed
853 996 1023 1072 aliquanto
1046 995 1210 1059 inferioris
1233 996 1357 1058 ordinis
1382 997 1481 1059 virtu·

242 1107 351 1184 tibus,
375 1107 562 1171 munditiae
585 1112 619 1172 81
642 1110 707 1170 8811
729 1109 927 1171 culinariae:
950 1109 1011 1171 8181
1030 1109 1157 1172 scilicet
1176 1109 1324 1172 hodierni
1343 1109 1483 1171 humilia

242 1219 320 1281 sola
353 1221 504 1300 student,
539 1222 680 1284 humilia
709 1223 822 1286 ferunt
851 1223 934 1285 sola.
965 1224 1089 1284 Priscis
1118 1221 1378 1285 Atheniensibus
1400 1239 1483 1297 quae

244 1334 340 1395 cordi
362 1334 468 1413 18888,
492 1337 644 1412 neglecta
664 1337 733 1397 iam
758 1337 886 1411 iacent;
911 1337 1054 1398 concidit
1077 1337 1174 1398 ardor
1196 1336 1252 1398 ille
1275 1336 1482 1399 dominandi:

243 1447 341 1508 cives
364 1452 480 1523 poetae
503 1450 590 1511 inter
612 1449 755 1511 Graecos
777 1450 876 1526 primi
898 1465 1004 1524 neque
1023 1452 1061 1511 ut
1079 1449 1162 1512 flant
1180 1465 1286 1524 neque
1305 1450 1482 1512 utvidean·

243 1563 302 1622 tur
327 1563 429 1624 etiam
453 1578 589 1640 operam
613 1563 707 1638 dant,
731 1563 789 1626 sed
808 1579 901 1627 more
920 1564 1083 1640 oppidano
1101 1564 1141 1625 18
1160 1565 1253 1626 81818
1271 1564 1483 1640 potissimum

244 1674 448 1752 disceptant.
479 1677 614 1740 felibus
644 1677 777 1739 maritis
807 1678 885 1769 quid
915 1692 999 1754 opus
1030 1677 1190 1740 uxoribus
1213 1679 1400 1754 generosis!
1425 1678 1483 1738 Re·

244 1789 386 1861 quirunt
407 1789 663 1866 dispensatrioes
685 1807 815 1870 parcas,
840 1793 930 1854 81188
953 1791 1031 1853 vilis
1054 1793 1226 1854 consortes
1249 1791 1405 1854 humiles.

291 2013 368 2075 Iam
391 2014 475 2076 satis
497 2014 553 2076 diu
575 2015 797 2079 Athenienses
819 2016 970 2079 funditus
992 2015 1228 2093 perturbarunt
1250 2031 1304 2078 res
1322 2014 1484 2094 publicas,

245 2128 281 2186 et
312 2141 415 2201 quam
447 2128 622 2192 civitatem
652 2145 672 2192 a
702 2130 916 2192 barbarorum
947 2129 1126 2192 insolentia
1161 2129 1240 2190 olim
1276 2128 1485 2190 vindicarunt

245 2240 574 2320 Marathonomachi,
598 2243 738 2305 barbaro
760 2258 801 2305 ea
819 2258 899 2304 auro
916 2243 974 2304 vix
993 2243 1060 2306 iam
1083 2244 1305 2304 sustentatur.
1325 2242 1375 2304 Ad
1393 2242 1486 2303 femi-

245 2367 310 2414 nas
345 2355 447 2432 igitur
477 2356 604 2433 patriae
632 2356 846 2419 moderamen
870 2356 1025 2419 deveniat
1048 2357 1189 2432 oportet.
1213 2357 1298 2418 liam
1322 2370 1406 2430 8888
1429 2357 1488 2416 881

245 2467 321 2529 8818
352 2470 412 2530 881
441 2472 519 2532 8818
549 2470 615 2532 8118
644 2484 733 2532 8888
762 2471 931 2547 88188188,
961 2469 1058 2546 panis
1085 2469 1261 2545 81811888,
1285 2468 1485 2530 domesticae

246 2583 397 2657 profecto
420 2586 500 2646 sunt
522 2598 620 2645 curae
643 2585 676 2644 et
696 2583 870 2645 muliebris
892 2583 1126 2659 potiusquam
1150 2582 1267 2643 8181118.

292 2696 403 2759 Hodie
432 2697 574 2775 populus
603 2697 790 2774 conveniet,
822 2713 883 2758 888
912 2696 1048 2759 dubium
1080 2695 1211 2758 8118188
1233 2696 1312 2771 8818
1335 2694 1483 2770 plurimi,

246 2815 286 2874 ut
310 2811 452 2888 assolet,
478 2812 624 2874 adfuturi
646 2812 713 2874 sint
737 2813 827 2874 cives
840 2855 848 2873 .
862 2856 892 2874 ..
912 2809 1174 2886 quimercedem
1194 2825 1290 2871 suam
1310 2809 1484 2887 accipiant.

246 2926 335 2988 Aliis
378 2925 466 2987 enim
501 2925 747 2989 condicionibus
779 2941 880 3003 quam
911 2923 990 2988 olim
1026 2938 1115 2986 nunc
1146 2923 1310 2986 habentur
1340 2924 1483 2987 comitia.

247 3040 366 3103 Gratis
395 3042 475 3103 tunc
501 3040 541 3102 18
563 3041 663 3103 rebus
684 3039 824 3117 publicis
847 3038 1092 3101 deliberabatur
1114 3038 1259 3114 publice;
1284 3039 1337 3101 ius
1359 3038 1392 3099 id
1416 3041 1488 3100 erat

248 3153 639 3231 honorificentissimum,
655 3199 663 3217 .
677 3199 708 3217 ..
739 3157 774 3216 et
796 3168 896 3230 quam
923 3153 1052 3215 alacres
1074 3157 1155 3215 tunc
1179 3154 1269 3215 81888
1294 3154 1328 3215 18
1351 3152 1486 3216 comitia

247 3268 429 3329 convenire
466 3268 590 3330 1888181
631 3268 735 3345 881111,
774 3267 918 3329 ostendit
951 3267 1047 3342 Pnyx
1083 3281 1188 3328 vacua
1221 3266 1485 3328 Acharnensium

246 3379 385 3442 fabulae
407 3381 513 3443 181118.
537 3381 646 3458 Nuper
669 3395 748 3443 vero
771 3380 875 3443 honor
895 3379 951 3442 ille
974 3380 1100 3441 sterilis
1122 3379 1155 3441 in
1176 3377 1371 3441 beneficium
1390 3379 1486 3455 abiit,

247 3510 332 3555 nam
363 3494 492 3570 perlata
521 3497 575 3557 881
602 3495 658 3557 lex
688 3496 726 3556 ut
754 3494 889 3556 comitia
919 3492 1119 3555 adeuntibus
1149 3525 1190 3538 ·-
1221 3492 1354 3568 perinde
1388 3495 1486 3567 81888

247 3608 417 3670 iudicibus
451 3641 492 3653 —
528 3606 713 3669 solveretur
745 3608 962 3684 trinummus,
1062 3606 1193 3681 iamque
1224 3606 1377 3667 certatim
1407 3606 1487 3668 illuc

248 3723 424 3785 confluunt
446 3734 574 3781 omnes.
598 3719 742 3795 Populus
764 3718 834 3796 ille,
863 3734 960 3794 quem
986 3720 1209 3797 „tyrannum”
1234 3721 1384 3781 oratores
1407 3720 1485 3780 olim

248 3838 361 3897 dicere
382 3834 546 3911 solebant,
572 3834 798 3896 mercenarius
819 3835 887 3895 iam
910 3836 963 3895 est
986 3834 1104 3896 factus.

294 3949 339 4009 iit
362 3947 547 4022 8881888
571 3946 666 4009 hodie
689 3962 765 4008 cum
788 3947 908 4023 populo
931 3949 1127 4022 8881881-
1153 3946 1202 4006 Ad
1215 3945 1485 4008 deliberationem

252 4063 315 4138 ,18
339 4059 487 4123 818118118
510 4059 641 4121 881818”
663 4059 886 4123 Athenienses
909 4063 1046 4121 senatus
1069 4061 1274 4122 convocavit.

295 4175 403 4237 Adest
423 4173 525 4249 igitur
547 4172 745 4234 mulieribus
767 4172 995 4249 opportunitas
1013 4172 1198 4246 exequendi
1218 4172 1348 4234 consilii
1374 4186 1486 4247 nuper,

250 4306 329 4352 cum
353 4288 444 4351 88188
467 4288 540 4350 8188
561 4286 645 4348 81818
667 4286 754 4348 diem
778 4285 903 4347 festum
926 4285 1147 4362 celebrarent,
1172 4286 1255 4347 18111.
1280 4286 1369 4363 Quae
1391 4290 1488 4365 88818

250 4405 457 4479 intempesta
486 4404 663 4479 postquam
692 4400 809 4461 furtim
839 4415 857 4460 e
889 4399 1043 4461 domibus
1066 4403 1311 4478 prorepserunt,
1336 4402 1489 4463 lucernas

250 4520 422 4595 tenentes,
454 4515 657 4579 conveniunt
685 4515 762 4575 ante
793 4512 892 4575 88188
913 4513 1136 4588 Praxagorae,
1160 4512 1311 4575 mulieris
1334 4517 1488 4575 strenuae

252 4635 286 4693 et
317 4632 430 4693 aetate
458 4630 620 4706 florentis,
653 4644 737 4704 quae
767 4627 878 4689 callidi
901 4626 1034 4688 consilii
1057 4626 1171 4688 extitit
1193 4627 1376 4721 inventrix,
1397 4627 1489 4688 llari·

252 4749 365 4805 torum
397 4742 512 4820 pallia,
544 4743 667 4818 soloas,
699 4740 818 4801 bacula
847 4755 959 4801 secum
992 4739 1180 4801 attulerunt
1209 4741 1295 4802 clam
1327 4741 1489 4815 detracta3

253 4860 427 4933 praeterea
459 4854 581 4916 barbas
613 4856 764 4917 facticios
798 4855 860 4915 sibi
890 4858 1064 4932 pararunt,
1102 4858 1136 4915 81
1169 4856 1261 4916 88188
1292 4870 1368 4917 cum
1401 4857 1490 4917 domi

334 4964 383 5008 aa
1354 4960 1381 5005 10
