4067 5950
719 755 798 801 vrrs
821 757 861 801 nn
884 749 1054 802 ornamus.
1440 743 1502 802 137

258 928 327 987 sed
365 942 442 989 cum
477 928 601 988 civium
641 942 778 988 suorum
814 926 976 1002 moribus,
1014 961 1055 971 -
1088 927 1157 989 veri
1191 928 1310 1004 quippe
1346 930 1505 1003 appetens

260 1055 377 1114 neque
407 1041 562 1103 heroinas
592 1040 753 1102 heroesve
784 1054 855 1116 eos,
887 1041 943 1115 qui
965 1043 1083 1102 extare
1104 1056 1276 1116 nunquam
1299 1041 1504 1118 potuissent,

259 1153 298 1212 in
322 1154 497 1229 proscenio
516 1153 675 1214 exhibere
692 1153 843 1230 cupiens,
863 1154 922 1214 sed
939 1153 1093 1216 homines
1107 1154 1257 1217 humana
1272 1155 1456 1231 cogitantes
1472 1156 1505 1216 et
1567 1167 1572 1180 ·

260 1269 425 1344 agentes,
449 1267 602 1328 homines
625 1266 740 1341 quales
763 1270 853 1328 eunt.
885 1267 923 1327 ln
946 1267 1204 1330 Atheniensium
1229 1270 1342 1330 autem
1366 1284 1405 1330 ea
1427 1267 1500 1330 civi·

258 1381 355 1456 tate,
379 1395 463 1454 quae
487 1380 550 1441 iuit
572 1379 708 1440 saeculo
731 1379 848 1453 quinto
872 1384 1031 1457 exeunte,
1055 1396 1151 1444 soror
1169 1382 1264 1443 fratri
1282 1395 1395 1442 amore
1414 1380 1505 1455 iungi

260 1507 335 1553 non
366 1496 498 1569 poterat
527 1494 600 1555 sine
623 1493 819 1569 turpissimo
844 1497 961 1555 contra
982 1495 1086 1556 bonos
1112 1510 1223 1558 mores
1245 1496 1419 1570 ipsamque
1442 1493 1505 1571 pie·

259 1608 376 1667 tatem
407 1607 544 1683 delicto;
576 1608 781 1669 dementium
813 1608 896 1670 talia
926 1612 1023 1670 erant
1045 1613 1078 1671 et
1108 1625 1205 1671 caeco
1228 1609 1374 1670 libidinis
1395 1608 1505 1670 lurore

261 1722 529 1797 aegrotantium.
561 1722 599 1783 In
629 1737 706 1784 eam
736 1722 859 1798 vitam,
890 1737 991 1796 quam
1015 1723 1173 1785 vivebant
1195 1726 1311 1799 poetae
1335 1721 1502 1798 aequales,

235 1911 238 1916 Ι
261 1838 450 1910 postquam
480 1836 680 1898 aberrarunt
710 1834 879 1897 Macareus
903 1838 937 1897 at
960 1835 1102 1914 Canace,
1126 1851 1233 1913 neque
1255 1851 1351 1898 mens
1375 1835 1417 1896 iis
1439 1835 1505 1896 alia

261 1949 380 2023 potuit
403 1964 477 2010 esse
500 1963 607 2023 neque
630 1963 719 2025 sors,
743 1950 844 2022 atque
866 1947 935 2010 fillo
960 1953 993 2011 et
1016 1948 1104 2011 filiae
1128 1950 1211 2012 Iusti
1234 1949 1325 2010 illius
1347 1949 1430 2010 civis
1452 1948 1506 2010 vel

264 2062 431 2122 vinitoris
460 2060 696 2136 Aristophanei
727 2060 841 2121 futura
870 2064 958 2138 erat,
991 2063 1021 2123 si
1053 2061 1180 2124 incesto
1212 2078 1325 2124 amore
1356 2063 1443 2124 inter
1468 2077 1505 2122 se

262 2177 435 2237 amarent.
470 2175 649 2250 Ignoscere
678 2174 780 2249 igitur
811 2188 878 2235 non
909 2176 1018 2250 potuit
1048 2175 1174 2239 Aeolus
1204 2175 1331 2253 liberis,
1356 2176 1412 2250 qui
1434 2177 1505 2237 tam

262 2291 501 2364 portentosum
531 2288 565 2349 in
595 2303 632 2348 se
663 2287 879 2351 admisissent
909 2289 1090 2368 flagitium,
1116 2324 1156 2336 -
1181 2292 1304 2353 nedum
1332 2290 1365 2351 id
1392 2288 1505 2365 proba·

264 2405 336 2463 reti
362 2436 403 2446 -
424 2400 550 2476 prolem
569 2400 664 2462 ioedo
681 2401 834 2477 coniugio
850 2403 997 2478 genitam
1015 2418 1081 2465 non
1098 2405 1207 2481 potuit
1224 2419 1289 2466 non
1306 2402 1505 2479 abominari,

263 2519 413 2577 matrem
446 2514 544 2575 istius
575 2514 677 2589 prolis
701 2515 772 2576 vita
800 2515 917 2577 habuit
939 2516 1110 2593 indignam
1124 2563 1131 2579 .
1147 2563 1154 2580 .
1168 2562 1176 2579 .
1191 2521 1224 2580 et
1247 2520 1356 2580 morte
1378 2516 1507 2593 puellae

265 2631 482 2692 miserrimae
505 2628 637 2690 finitum
661 2632 714 2690 est
736 2630 866 2708 drama,
892 2631 985 2693 cuius
1009 2633 1142 2693 initium
1164 2632 1288 2693 iecerat
1307 2632 1399 2693 dirus
1418 2630 1508 2692 furor

264 2745 469 2806 mortalium
493 2758 609 2806 amore
632 2747 895 2807 occaecatorum.

310 2859 388 2920 Non
419 2858 506 2933 quod
536 2856 623 2932 apud
646 2855 836 2934 Euripidem
859 2857 991 2919 iuvenis
1014 2873 1130 2921 amore
1153 2859 1310 2921 efferatus
1333 2859 1416 2920 talia
1438 2858 1507 2920 iere

265 2976 395 3037 diceret
429 2974 541 3049 qualia
576 2975 610 3036 in
644 2971 794 3034 Nubibus
832 2972 946 3035 fabula
980 2971 1136 3036 alumnus
1171 2974 1414 3051 sophistarum,
1452 2974 1509 3034 sed

265 3089 355 3163 quod
379 3090 479 3150 homo
501 3090 615 3150 animo
634 3088 747 3150 saucio
767 3087 968 3162 impotenter
986 3087 1113 3165 iurene,
1135 3089 1249 3162 quales
1267 3088 1373 3163 ipsius
1389 3090 1506 3166 poetae

265 3218 393 3265 aevum
425 3204 541 3264 nimis·
563 3203 691 3265 multos
727 3201 844 3278 ferret,
887 3202 1071 3276 primarum
1107 3203 1254 3278 partium
1289 3204 1324 3264 in
1357 3202 1508 3263 dramate

263 3317 394 3392 tragico
428 3320 520 3378 esset
553 3317 663 3378 iactus
699 3319 733 3377 et
767 3315 801 3375 in
834 3318 931 3390 turpe
961 3316 1126 3390 ilagltium
1159 3316 1379 3377 adolescentis
1409 3331 1508 3376 caeca

264 3430 404 3492 libidine
434 3431 564 3492 incensi
594 3432 725 3491 mutata
760 3432 851 3490 esset
881 3429 995 3490 fabula
1021 3430 1182 3506 simplex,
1208 3444 1306 3503 quam
1331 3429 1509 3506 praebebat

267 3560 406 3606 carmen
431 3547 618 3621 vetustum,
642 3544 676 3605 id
698 3544 848 3619 graviter
871 3542 997 3604 ferebat
1021 3547 1119 3619 poeta
1143 3544 1304 3620 comicus,
1326 3546 1359 3604 et
1382 3543 1508 3618 optimo

266 3660 418 3735 proiecto
453 3660 525 3720 iure
560 3656 695 3720 ferebat.
728 3657 813 3718 Nam
849 3671 887 3717 eo
930 3658 959 3717 si
993 3657 1204 3732 pervenisset
1238 3656 1409 3732 Euripides
1443 3672 1507 3731 quo

269 3773 413 3835 vocabat
442 3772 631 3847 ingenium,
655 3786 698 3831 ex
729 3771 804 3845 ipsa
825 3771 1016 3845 aequalium
1041 3771 1113 3831 vita
1135 3771 1356 3831 desumsisset
1379 3770 1507 3831 drama·

268 3888 342 3947 tum
375 3885 565 3960 materiem,
601 3883 788 3958 priscarum
820 3881 1010 3943 fabularum
1043 3883 1183 3944 historia
1212 3883 1339 3959 relicta,
1366 3918 1406 3928 -
1436 3884 1507 3945 sive

268 4015 288 4059 a
318 3998 450 4060 civibus
481 3998 675 4073 probaretur
706 4011 747 4057 ea
776 3997 921 4057 mutatio
951 3996 1056 4057 moris
1087 3997 1185 4073 longo
1214 4014 1277 4058 usu
1309 4000 1506 4075 consecrati,

268 4114 340 4175 sive
373 4128 440 4174 non
475 4112 679 4188 probaretur,
712 4114 812 4171 -ot
846 4111 895 4171 sic
925 4112 1121 4186 perfecisset
1152 4127 1236 4187 opus
1266 4127 1285 4172 a
1315 4127 1414 4172 musa
1444 4113 1506 4172 sibi

269 4227 479 4287 mandatum.
511 4225 605 4285 Nunc
633 4226 712 4286 novi
743 4225 867 4286 saeculi
898 4228 1005 4286 artem
1040 4226 1171 4286 eminus
1200 4224 1333 4284 tantum
1365 4223 1447 4283 vidit
1474 4226 1507 4283 at

271 4342 365 4400 viam
399 4340 430 4399 oi
465 4339 606 4413 paravit.
641 4339 713 4400 Non
748 4340 833 4412 quod
872 4337 995 4399 delicia
1029 4338 1222 4400 mortalium
1258 4335 1371 4397 saevis
1406 4338 1509 4397 animi

271 4452 445 4514 affectibus
468 4452 682 4528 abreptorum
706 4452 738 4511 in
763 4451 926 4512 dramatis
949 4452 1109 4527 ostendit,
1135 4452 1192 4512 sed
1217 4451 1302 4525 quod
1322 4450 1507 4511 Macareum

271 4571 304 4627 at
333 4566 486 4627 Canacen
520 4567 553 4627 et
587 4565 729 4626 Aeolum
762 4566 895 4625 vocavit
928 4565 1082 4625 homines
1118 4565 1193 4625 illos
1228 4564 1330 4624 nimis
1361 4563 1508 4622 humana

272 4695 389 4753 passos
431 4679 678 4753 cothurnosque
716 4680 758 4739 iis
797 4679 917 4755 induit,
954 4679 986 4738 id
1022 4682 1074 4739 est
1109 4679 1194 4753 quod
1229 4677 1445 4755 exprobravit
1478 4680 1507 4739 ei

272 4793 527 4869 Aristophanes,
550 4795 589 4853 ut
612 4792 829 4853 inclementer
852 4792 901 4852 sic
924 4792 1141 4853 festivissime
1166 4807 1314 4868 carpens.
