4067 5950
553 806 618 867 806
1066 820 1108 865 55
1131 820 1260 867 narare.

596 994 752 1056 'trimetri
774 995 912 1055 schema
933 994 997 1056 hoc
1020 997 1089 1055 est:

975 1128 1068 1167 ῦιυ..
1091 1130 1184 1167 Um.-
1207 1130 1301 1167 ῡιυ.
1319 1102 1356 1183 1),

552 1248 681 1309 solutos
711 1249 823 1308 autem
853 1244 954 1321 pedes
983 1244 1100 1319 tragici
1122 1246 1238 1320 poetae
1261 1260 1326 1306 non
1349 1245 1415 1307 nisi
1438 1262 1535 1324 parce
1562 1248 1777 1323 admiserunt,

552 1359 745 1437 parcissime
781 1358 981 1434 Aeschylus,
1017 1371 1078 1419 nec
1112 1358 1220 1420 multo
1253 1358 1390 1421 liberius
1420 1360 1577 1436 primitus
1609 1362 1779 1438 Sophocles

553 1478 611 1533 aut
644 1472 829 1549 Euripides,
865 1474 981 1547 postca
1010 1472 1123 1532 minus
1154 1471 1276 1548 severi,
1310 1474 1507 1547 praesertim
1537 1475 1602 1536 hic.
1633 1474 1780 1536 Comicus

553 1601 630 1647 vero
651 1584 783 1647 iambus
801 1585 984 1647 solutiones
1004 1585 1131 1660 appetit
1149 1584 1259 1660 potius
1277 1600 1378 1659 quam
1398 1586 1499 1664 vitet,
1518 1588 1624 1650 itaut
1643 1588 1781 1650 trimetri

553 1700 724 1761 duodecim
754 1698 959 1774 syllabarum
989 1699 1024 1759 in
1049 1698 1227 1760 comoediis
1249 1698 1392 1761 rariores
1414 1700 1482 1762 sint
1504 1716 1607 1776 quam
1631 1702 1731 1763 soluti
1753 1704 1783 1761 et

552 1813 598 1876 ibi
616 1814 828 1890 potissimum
848 1813 1054 1889 reperiantur
1075 1811 1130 1873 ubi
1147 1812 1291 1887 tragicos
1303 1815 1400 1889 poeta
1411 1814 1563 1877 imitetur
1578 1810 1613 1886 ‘).
1626 1815 1781 1877 Permulti

554 1932 664 1989 autem
697 1928 897 1989 comicorum
928 1927 1072 1988 trimetri
1098 1926 1181 1988 duos
1203 1926 1356 2002 pluresve
1378 1927 1478 2003 pedes
1501 1928 1624 1990 habent
1645 1928 1782 2002 solutos,

553 2040 710 2118 permulti
732 2042 816 2102 duos
838 2040 995 2117 deinceps
1018 2040 1162 2117 solutos,
1185 2054 1251 2101 non
1275 2041 1370 2117 pauci
1393 2045 1473 2103 tres.

597 2267 636 2328 In
666 2265 837 2328 solvendis
859 2267 971 2326 autem
994 2263 1131 2341 pedibus
1153 2267 1223 2327 tres
1246 2264 1359 2327 valent
1380 2265 1486 2343 leges,
1509 2282 1592 2342 quas
1615 2268 1687 2344 ipsa
1708 2268 1784 2327 tulit

554 2382 685 2457 linguae
708 2380 852 2442 indoles:

601 2497 631 2566 1)
654 2495 738 2555 duae
771 2493 889 2555 breves
923 2492 1071 2568 syllabae
1106 2507 1183 2554 cum
1212 2492 1321 2555 locum
1352 2495 1471 2571 longae
1499 2496 1604 2557 ictum
1633 2494 1784 2558 habentis

654 2608 809 2685 implent,
833 2608 913 2669 ictae
934 2608 1045 2669 incidit
1062 2609 1097 2667 io
1120 2608 1271 2683 55155555.

600 2724 631 2794 8)
654 2726 717 2783 tres
739 2722 881 2797 (15155555
904 2720 1054 2796 syllabae
1077 2722 1145 2782 ictu
1170 2736 1211 2782 ne
1235 2724 1370 2783 carento
1384 2714 1417 2792 ⁸).

599 2838 632 2907 8)
655 2837 689 2897 15
712 2835 835 2897 merem
857 2833 1021 2909 syllabam
1045 2834 1174 2909 finalem
1197 2834 1285 2895 ictus
1307 2849 1349 2895 ne
1371 2834 1507 2896 incidite
1520 2828 1555 2906 ⁴).

607 2944 717 3011 Prima·
750 2944 842 3026 pedis
876 2949 964 3010 ictus
998 2963 1075 3009 cum
1105 2948 1220 3010 incidit
1253 2948 1288 3010 in
1322 2948 1486 3025 syllabam
1523 2949 1658 3012 brevem
1695 2955 1784 3026 (ccc),

555 3067 647 3126 totus
669 3079 728 3141 pes
751 3062 876 3140 expleri
898 3063 984 3124 solet
1007 3076 1072 3123 uno
1095 3063 1254 3124 vocabulo
1277 3062 1460 3138 (trisyllabo
1485 3064 1536 3125 vel
1559 3063 1785 3140 polysyllabo),

554 3179 694 3240 secundo
729 3177 832 3252 igitur
862 3176 961 3237 huius
991 3175 1144 3237 vocabuli
1173 3175 1303 3251 syllaba
1331 3177 1436 3238 ictum
1467 3176 1584 3251 habet;
1616 3181 1786 3238 ceterorum

556 3293 677 3369 pedum
700 3291 787 3353 ictus
809 3291 844 3352 in
867 3305 925 3351 eas
948 3291 1081 3350 tantum
1105 3287 1251 3364 syllabas
1274 3288 1392 3352 breves
1414 3290 1557 3352 incidere
1581 3290 1679 3368 solet,
1706 3307 1786 3366 quae

556 3405 753 3466 vocabulum
783 3404 940 3480 55551551.
972 3403 1022 3464 Ab
1053 3404 1192 3476 utraque
1222 3403 1336 3479 regula
1366 3418 1440 3465 raro
1463 3418 1630 3465 recessere
1653 3405 1784 3481 tragici,
1862 3479 1863 3488 ¹

557 3521 798 3598 Aristophanes
821 3534 899 3581 vero
922 3519 1122 3594 frequenter.

590 3750 611 3817 ¹)
627 3753 712 3801 Iambi
729 3750 791 3813 puri
808 3752 878 3812 apud
895 3751 1008 3810 tragicos
1026 3750 1077 3797 rari
1094 3753 1164 3812 5551,
1180 3749 1251 3810 apud
1268 3750 1467 3810 Aristophanem
1481 3748 1564 3799 multo
1579 3749 1657 3796 etlam
1667 3745 1787 3796 rariores.

590 3831 612 3894 ³)
630 3831 669 3879 Cf.
687 3847 709 3880 5.
727 3845 752 3890 g.
769 3828 830 3878 Pac.
849 3832 897 3878 184
916 3843 973 3889 sqq.

590 3910 612 3975 θ)
634 3913 730 3959 Vitiosa
752 3908 833 3967 151155
851 3909 942 3956 traditi
964 3912 1027 3956 5551
1046 3908 1168 3965 trimetri,
1186 3907 1283 3966 quibus
1305 3908 1369 3954 baec
1387 3907 1429 3954 lex
1445 3907 1572 3955 violatur:
1590 3907 1655 3953 Aah.
1673 3909 1714 3963 41,
1733 3906 1788 3966 615,

559 3995 616 4053 188,
639 3989 715 4050 [888]
738 3989 806 4037 1155.
830 3991 877 4035 888
895 3988 972 4047 vesp.
999 3988 1065 4034 1188
1084 3984 1144 4033 Ρ55.
1163 3987 1212 4034 848
1233 3988 1279 4034 Av.
1299 3988 1356 4042 188,
1375 3988 1439 4033 1888
1459 3986 1564 4034 8155555.
1582 3987 1632 4033 885
1650 3987 1721 4033 11551.
1741 3987 1786 4032 815

557 4073 589 4120 tr.
616 4072 674 4118 845.
694 4070 761 4117 Item
779 4067 882 4115 iambus
904 4068 1017 4115 dimeter
1039 4066 1143 4114 Theem.
1167 4067 1226 4124 888,
1247 4069 1400 4112 tetrameter
1422 4065 1787 4113 11515.11188.01.51155585

558 4240 659 4288 55511555
675 4238 865 4297 551515555551
879 4233 1020 4296 anapaesti:
1034 4234 1120 4275 υυύυ
1142 4234 1229 4290 ooQ
1251 4229 1295 4297 (51
1310 4246 1370 4292 pag.
1386 4235 1446 4295 818,
1456 4229 1674 4292 ’15551ὼηὶ5515
1684 4228 1788 4280 formati

559 4342 588 4375 ee
606 4325 741 4386 excipere:
758 4334 870 4366 coreo
892 4332 984 4364 υυι-
1008 4322 1126 4383 (Thesm.
1147 4317 1215 4382 108).

591 4402 614 4465 ⁴)
631 4407 705 4452 Hanc
722 4405 756 4452 55
773 4417 878 4451 oausam
896 4406 1020 4463 euepeota
1037 4404 1078 4449 eat
1095 4401 1192 4448 tradita
1211 4401 1290 4448 lectio
1307 4400 1370 4448 Aah.
1390 4401 1431 4459 ll,
1447 4402 1511 4448 1888
1526 4399 1595 4447 8151.
1610 4400 1668 4456 888,
1683 4393 1788 4458 815508

559 4488 646 4533 antem
672 4484 844 4546 praeferenda
871 4487 912 4530 eat
937 4482 1015 4530 lectio
1039 4479 1137 4528 codicis
1159 4482 1194 4539 B;
1219 4481 1252 4527 51.
1276 4481 1355 4528 etiam
1379 4480 1477 4527 ibidem
1496 4480 1543 4526 181
1565 4478 1636 4526 noel.
1655 4480 1714 4538 518,
1733 4480 1787 4526 585.

558 4563 680 4624 (15555511
701 4567 762 4611 5551
784 4563 846 4611 Eur.
869 4563 909 4610 111.
933 4563 983 4609 884
1005 4562 1064 4608 Η51.
1084 4562 1141 4617 180,
1159 4561 1342 4621 neglegentius
1358 4560 1452 4607 5155511
1469 4558 1564 4606 Bacch.
1583 4559 1632 4606 885
1650 4559 1693 4606 Or.
1713 4559 1736 4606 8.
1757 4581 1786 4593 -

558 4642 770 4704 Praepositiones
786 4656 845 4690 oum
863 4642 967 4691 nomine
984 4654 1032 4688 555
1049 4653 1098 4702 555
1114 4653 1166 4688 555
1183 4641 1311 4688 55555515
1327 4639 1464 4696 55555155,
1478 4636 1614 4687 5551111555
1629 4637 1667 4696 (51
1681 4639 1707 4683 15
1723 4637 1788 4698 pede

558 4725 645 4785 primo
669 4721 726 4786 γάρ)
750 4722 860 4770 5551555
885 4721 1022 4781 disyllabis
1047 4719 1204 4767 5551555155
1229 4732 1278 4780 555
1301 4719 1411 4777 syllable
1433 4718 1556 4766 finalibus
1578 4720 1648 4764 5551.
1671 4717 1790 4765 8555115

560 4816 665 4863 quoqne
683 4801 810 4848 vocabula
828 4814 895 4859 qnae
913 4803 969 4848 arte
985 4800 1126 4847 cohaerent
1141 4799 1184 4845 bio
1201 4799 1255 4845 illio
1272 4799 1309 4846 115
1326 4799 1494 4858 reperiuntur
1508 4796 1636 4845 collocata
1650 4799 1681 4842 51
1695 4795 1789 4856 prioris

559 4882 680 4931 vocabuli
696 4881 797 4941 syllaba
814 4880 900 4928 855115
916 4880 1004 4927 brevia
1020 4877 1117 4926 habeat
1133 4879 1225 4936 ictum,
1242 4891 1265 4925 e.
1282 4891 1307 4938 g.
1324 4880 1355 4924 55
1370 4875 1443 4938 15155
1459 4875 1558 4938 58115
1575 4876 1623 4936 Eq.
1641 4875 1700 4924 148.
