4067 5950
969 1604 1356 1695 APPENDIX.

1068 1916 1257 1924 ————

690 2132 723 2207 Ι.
750 2131 1185 2208 Grammaticorum
1209 2128 1270 2205 de
1295 2129 1634 2224 Aristophanis

978 2256 1081 2332 vita
1104 2256 1347 2350 excerpta.

594 2477 827 2552 Aristophanis
855 2475 978 2537 tabulis
1000 2476 1077 2537 inde
1101 2476 1142 2536 ab
1165 2476 1308 2537 editione
1330 2476 1477 2551 principe
1499 2474 1672 2551 praemitti
1696 2473 1778 2534 solet

553 2592 624 2651 vita
647 2590 826 2665 quaedam,
858 2605 942 2664 quae
965 2591 999 2651 et
1021 2590 1055 2651 in
1080 2590 1154 2650 aliis
1178 2590 1344 2651 codicibus
1367 2590 1457 2651 etin
1480 2588 1631 2649 omnium
1655 2588 1777 2663 optimo

550 2703 579 2762 V
609 2705 703 2765 extat
724 2701 757 2774 ¹).
788 2703 827 2764 In
857 2704 972 2765 eodem
995 2705 1118 2779 legitur
1141 2705 1243 2765 etiam
1266 2704 1396 2765 brevior
1420 2703 1503 2778 vita,
1528 2717 1629 2776 quam
1652 2679 1775 2778 primus

550 2817 720 2892 evulgavit
742 2810 928 2894 Diodoril,
951 2818 1168 2892 quadriennio
1191 2819 1267 2893 post
1289 2817 1449 2892 repetivit
1470 2815 1632 2877 Duebner.

594 2931 761 2993 Brevioris
783 2930 884 2992 huius
907 2931 996 2993 vitae
1018 2932 1182 2993 rationem
1206 2946 1273 2994 non
1296 2929 1411 2991 habuit
1434 2928 1582 2990 Mainake
1607 2964 1648 2975 -
1673 2943 1774 3004 neque

550 3045 659 3120 potuit
682 3044 871 3106 habere-
894 3046 928 3105 in
951 3046 1228 3121 Fragmentorum
1253 3045 1463 3107 comicorum
1485 3042 1628 3105 editione
1641 3037 1674 3121 ³),
1695 3056 1774 3117 quae

549 3157 665 3219 eodem
694 3161 844 3234 tempore
875 3174 951 3220 cum
981 3175 1078 3236 opere
1100 3158 1313 3220 Dindorfiano
1336 3160 1427 3234 prelo
1451 3161 1504 3221 est
1524 3158 1685 3219 subiecta.
1717 3157 1773 3218 Sed

549 3272 675 3345 aliquot
697 3272 795 3333 annis
817 3275 894 3348 post
915 3272 1153 3334 Westermann
1177 3288 1253 3333 cum
1278 3274 1390 3334 ederet
1411 3273 1564 3334 vitarum
1596 3272 1773 3348 Scriptores

549 3385 692 3446 Graecos
727 3386 888 3462 minores,
923 3385 958 3445 in
989 3386 1208 3447 utilissimum
1239 3387 1328 3446 hunc
1360 3386 1482 3447 librum
1514 3388 1548 3447 et
1578 3386 1661 3446 alias
1690 3386 1773 3446 vitas

549 3499 782 3575 Aristophanis
812 3499 938 3574 recepit
966 3501 999 3560 et
1031 3499 1113 3559 duaa
1136 3499 1225 3574 illas,
1258 3513 1340 3573 quas
1363 3500 1502 3574 praebet
1525 3500 1629 3560 codex
1652 3499 1698 3573 V;
1721 3497 1772 3558 sed

552 3627 646 3687 „cum
679 3612 906 3674 intellexisset
936 3613 1078 3675 alteram
1102 3615 1209 3674 vitam
1232 3613 1314 3673 nihil
1338 3613 1429 3675 aliud
1453 3629 1526 3675 esse
1549 3615 1614 3674 nisi
1636 3615 1773 3689 priorem

550 3725 780 3788 decurtatam”
793 3720 831 3803 ⁴),
868 3728 902 3786 in
934 3742 1038 3788 unum
1071 3743 1128 3788 eas
1159 3727 1342 3788 coniunxit.
1376 3726 1465 3802 Quae
1496 3743 1571 3788 cum
1597 3728 1772 3803 placuisset

548 3839 647 3916 ratio,
672 3839 771 3900 multi
794 3840 1092 3901 Westermannum
1117 3841 1222 3902 secuti
1243 3840 1383 3901 alteram
1402 3839 1496 3900 illam
1515 3841 1620 3901 vitam
1642 3840 1772 3901 vixdum

549 3954 716 4028 repertam
741 3953 948 4028 abiecerunt;
976 3969 1055 4014 nam
1080 3955 1113 4015 in
1137 3968 1240 4014 unum
1264 3953 1383 4014 ambas
1404 3953 1556 4030 iungere,
1580 3954 1613 4014 id
1637 3957 1690 4014 est
1712 3953 1770 4014 bre·

551 4066 675 4127 viorem
699 4065 876 4141 neglegere
899 4070 998 4141 atque
1021 4068 1204 4143 aspernari.

592 4182 637 4242 At
656 4197 723 4244 non
743 4184 795 4243 est
814 4182 949 4242 brevior
969 4180 1027 4241 illa
1045 4183 1131 4258 vita,
1152 4182 1185 4242 id
1206 4181 1291 4256 quod
1311 4181 1489 4242 videbatur
1507 4178 1770 4252 Westermanno,

525 4297 566 4355 ⁴e
600 4295 792 4356 recensione
826 4295 1007 4369 integriore
1043 4298 1217 4370 excerpta:
1253 4296 1323 4356 vita
1360 4294 1502 4370 amplior
1536 4293 1588 4354 est
1622 4292 1772 4354 brevioris

581 4536 602 4602 ¹)
620 4537 700 4587 Nulla
719 4537 910 4601 Prolegomena
927 4540 1008 4588 habet
1025 4541 1106 4588 codex
1123 4543 1153 4589 R.

581 4613 602 4675 ²)
619 4616 754 4678 Aristoph.
774 4620 859 4667 Schol.
878 4617 890 4664 Ι
908 4633 934 4679 p.
952 4621 984 4667 at
1003 4633 1043 4679 sq.

583 4692 602 4754 ⁸)
621 4697 634 4742 I
651 4710 678 4757 p.
696 4697 745 4744 etr
762 4710 818 4757 sqq.

580 4771 601 4837 ⁴)
620 4773 708 4824 Praei.
725 4790 750 4837 p.
769 4778 835 4824 XIV.
