4067 5950
580 756 645 821 288
1021 773 1062 819 on
1086 772 1195 819 nuno
1217 773 1372 821 nnunrno.

621 946 692 1007 Hoc
722 945 794 1007 loeo
825 947 929 1008 etiarn
959 946 1043 1007 mun.
1077 947 1162 1009 1288
1197 948 1326 1010 videtur
1353 946 1671 1010 commemorandus.
1692 945 1766 1007 dolle-

578 1061 724 1133 quuntur
746 1060 865 1121 Pasias
887 1062 922 1122 et
945 1060 1168 1138 Strepsiades:

666 1175 736 1233 ΠΛ.
759 1170 809 1232 καὶ
832 1168 910 1233 ταῦτ’
936 1171 1088 1251 ἐθελήσεις
1111 1171 1266 1252 ἀπομόσαι
1289 1197 1341 1253 μοι
1364 1174 1434 1248 τοὺς
1457 1175 1568 1253 θεούς,

762 1280 798 1347 ἵν’
823 1283 862 1347 ἂν
884 1287 1014 1348 κελεύσω
1038 1285 1095 1368 eya
1119 1303 1167 1361 σει
1190 1291 1277 1348 ΣΤΡ.
1304 1288 1435 1361 (τοὺς)
1461 1287 1570 1361 ποίους
1591 1290 1693 1359 decim

666 1402 736 1459 ΠΛ.
759 1398 812 1461 τὸν
834 1400 910 1478 Δία,
931 1399 984 1461 τὸν
1001 1395 1131 1481 Ἑρμῆν,
1153 1401 1206 1464 τὸν
1231 1402 1381 1463 Ποσειδῶ.
1405 1400 1463 1463 art.
1562 1438 1565 1445 ν

621 1515 674 1576 Sic
700 1514 739 1591 V,
770 1514 804 1575 in
827 1515 856 1576 R
880 1529 958 1577 vero
980 1516 1100 1578 desunt
1123 1516 1242 1581 verba:
1269 1510 1325 1593 ,ἵν’
1352 1513 1391 1577 ἂν
1410 1517 1541 1579 κελεύσω
1564 1514 1622 1597 ἐγώ
1644 1531 1672 1575 σε
1691 1512 1773 1587 zoin?

576 1629 630 1690 cui
652 1628 752 1691 multi
775 1629 920 1690 editores
942 1627 1042 1691 fldem
1065 1629 1265 1693 habuerunt.
1290 1633 1336 1693 At
1358 1632 1498 1693 minime
1521 1642 1774 1709 supervacaneum

576 1746 629 1804 est
658 1742 740 1804 illud
771 1740 823 1801 ἵνα
852 1739 925 1820 nrt,
954 1744 1019 1804 nisi
1051 1747 1165 1806 autem
1198 1745 1337 1807 accedat
1365 1745 1542 1822 articulus,
1567 1760 1632 1806 non
1653 1742 1774 1819 rogantis

575 1859 629 1918 est
654 1855 781 1932 ,ποίους
805 1856 921 1928 θεούς”
944 1857 1003 1917 sed
1028 1873 1104 1919 oum
1127 1858 1196 1919 risu
1221 1859 1459 1936 exclamantis,
1481 1860 1520 1920 ut
1542 1859 1622 1920 deos
1644 1873 1681 1919 ne
1701 1854 1775 1916 nauci

575 1970 708 2044 quidem
732 1970 899 2035 sefacere
922 1973 1036 2047 aperte
1060 1970 1224 2047 significet
1247 1973 1470 2049 Strepsiades3
1494 1972 1607 2047 itaque
1627 1974 1772 2048 postquam
1830 2002 1831 2053 ι

575 2083 704 2146 deletus
726 2087 778 2146 est
802 2084 974 2162 articulus,
997 2086 1114 2147 Pasias
1137 2101 1204 2149 nom
1223 2089 1333 2162 potest
1355 2089 1433 2164 apte
1453 2087 1650 2163 respondere
1669 2083 1776 2145 nomina

576 2197 769 2274 proferendo
785 2198 922 2259 deorum
940 2214 997 2275 per
1016 2215 1101 2274 quos
1121 2201 1347 2276 Strepsiadem
1370 2202 1481 2262 iurare
1499 2199 1615 2261 iubeat
1633 2194 1663 2279 ¹).
1681 2194 1777 2274 Quodsi
1830 2172 1833 2253 ³,

576 2312 723 2373 nondum
752 2314 837 2374 satis
867 2316 996 2374 certum
1035 2314 1187 2375 videatur
1224 2314 1413 2376 Ravennati
1447 2312 1548 2375 fldem
1579 2310 1779 2387 denegandam

576 2440 665 2503 esse,
688 2426 886 2502 inspiciatur
908 2427 1058 2488 eiusdem
1083 2427 1215 2489 tabulae
1238 2443 1359 2490 versus
1383 2428 1459 2504 428,
1482 2443 1547 2502 quo
1571 2426 1690 2489 melius
1708 2436 1779 2498 appe·

575 2543 648 2601 reat
676 2555 793 2601 revera
821 2540 855 2600 in
886 2540 974 2602 hunc
1002 2540 1177 2602 librarium
1202 2575 1242 2586 -
1268 2542 1383 2604 eiusve
1406 2542 1599 2618 exemplum
1624 2539 1779 2599 -cadere

575 2655 804 2717 huiuscemodi
826 2655 1085 2730 neglegentiam.
1111 2657 1251 2732 Scripsit
1273 2657 1337 2718 ibi:

753 2763 811 2827 ἀλλ’
839 2767 882 2828 ὅτι
906 2767 1015 2846 δήεις
1039 2766 1099 2849 ἤδη
1123 2768 1200 2831 θεὸν
1224 2767 1337 2832 οὐδένα
1360 2768 1440 2848 πλὴν
1463 2768 1539 2849 ἅπερ
1562 2764 1662 2846 ἡμεῖς,

574 2896 652 2943 cum
676 2882 829 2943 deberet:

755 2992 827 3056 ἄλλο
851 3018 878 3056 τι
902 2991 1020 3075 δῆ<ε’
1046 2989 1117 3059 οὖν
1141 3002 1338 3076 νομι>εῖς
1361 2995 1422 3076 ἤδη
1446 2995 1517 3075 ισοξ,

576 3126 660 3185 quae
683 3111 815 3186 integra
838 3111 915 3181 (nisi
937 3112 1023 3185 quod
1048 3111 1094 3171 ibi
1117 3127 1248 3186 quoque
1271 3115 1325 3173 est
1348 3105 1409 3170 ἀλλ’
1435 3108 1492 3189 ὅτι)
1515 3111 1635 3172 extant
1656 3111 1688 3169 in
1707 3107 1740 3166 V.

620 3227 732 3301 Neque
761 3227 796 3288 in
826 3227 947 3288 scholiis
978 3229 1060 3289 talia
1088 3229 1214 3290 frustra
1237 3230 1352 3303 quaeri
1375 3229 1484 3303 quivis
1507 3227 1681 3301 intellegit.
1703 3225 1784 3284 Lucu·

574 3342 703 3402 lentum
721 3341 913 3416 exemplum
926 3344 1062 3417 praebet
1073 3343 1161 3417 quod
1172 3343 1296 3418 legitur
1306 3343 1340 3403 in
1352 3341 1479 3403 scholio
1491 3342 1519 3400 V
1532 3341 1560 3402 R
1572 3342 1613 3402 ad
1625 3340 1706 3401 Nub.
1718 3336 1783 3397 699:

621 3453 653 3515 τὸ
677 3450 710 3515 δὲ
732 3453 864 3568 τήμερον
887 3452 936 3516 ἐπὶ
958 3455 1071 3534 χρόνον
1094 3454 1210 3535 λέγεται
1232 3453 1284 3516 καὶ
1307 3453 1340 3516 ἒν
1360 3455 1482 3539 Εἰρήνῃ
1500 3451 1567 3533 „tm
1591 3447 1784 3532 <Πριισιιιὶ..·

576 3565 616 3641 ὡς
639 3566 803 3629 ἀπολεῖσθε
825 3567 975 3649 ιήμερον“
995 3567 1048 3629 καὶ
1070 3566 1103 3629 ἐν
1121 3563 1250 3629 Ὁλκάσι·
1275 3566 1569 3647 ἰὼ>Λαιιεδοιίμων,
1590 3567 1620 3627 τί
1636 3564 1693 3647 ἄρα
1709 3561 1786 3624 πείσει
1835 3581 1836 3584 ’

575 3681 736 3762 τήμερον.“
753 3678 788 3754 ²).

935 3837 973 3920 8)
993 3840 1050 3898 De
1070 3839 1440 3916 dittographematis.

622 4002 936 4077 Dittographemata
958 4006 1073 4077 aperta
1097 4004 1266 4064 extante.
1291 4018 1321 4077 g.
1346 4002 1428 4063 locis
1449 3999 1683 4074 sequentibus:
1715 4001 1718 4006 '

622 4117 706 4177 Nub.
731 4116 796 4176 628
824 4114 925 4176 habet
948 4116 992 4176 R:

755 4227 812 4290 οὐκ
836 4222 919 4289 εἶδον
942 4228 1038 4301 οὕτως
1062 4225 1174 4307 duddo
1198 4223 1238 4309 γ’]
1262 4225 1408 4308 ἄγροικον
1430 4224 1552 4289 οὐδένα.

579 4344 640 4404 Ubi
674 4344 708 4403 im
742 4344 771 4402 V
805 4346 895 4404 recte
926 4340 970 4414 (ἐκ
1000 4340 1147 4421 πλήρους)
1178 4342 1339 4418 scriptum
1371 4344 1423 4402 est
1445 4337 1544 4419 ἄνδρα
1568 4336 1717 4420 ἄγροικον.
1738 4331 1786 4408 Qui

575 4457 669 4517 locus
699 4457 792 4517 utilis
822 4459 875 4516 est
905 4457 944 4516 ad
976 4456 1220 4517 emendandum
1252 4470 1388 4516 versum
1418 4455 1535 4515 eodem
1558 4453 1641 4514 vitio
1662 4453 1696 4511 in
1715 4448 1741 4506 V
1759 4446 1786 4504 et

577 4570 741 4645 plerisque
763 4570 987 4631 laborantem:

612 4761 633 4827 ¹)
649 4761 758 4812 Accedit
772 4767 955 4823 argumentum
973 4777 987 4812 e
1004 4777 1032 4810 re
1050 4765 1158 4811 metrica
1175 4764 1346 4824 pontumue
1365 4777 1417 4824 qno
1434 4765 1467 4810 oi.
1486 4776 1566 4824 snpra
1584 4777 1610 4824 p.
1629 4762 1686 4818 2²²,
1701 4761 1722 4806 2.

649 4842 687 4891 ci.
706 4844 809 4902 Proleg.
825 4843 885 4891 Pac.
903 4857 929 4904 p.
946 4843 991 4890 IX.
