4067 5950
655 802 697 847 nn
720 802 829 847 rnxru
852 802 1005 848 rannmo.
1377 788 1442 849 881

217 979 302 1053 poris
333 978 422 1039 inter
456 980 607 1039 oratores
639 974 815 1051 populares
848 974 951 1035 fuisse
986 973 1065 1035 hinc
1094 974 1331 1049 intellegimus.
1362 974 1444 1036 Dein

216 1094 403 1167 Praxagora

390 1200 466 1265 τοῦτ’
493 1199 547 1265 ἔστ’
574 1201 679 1264 ἐκεῖνο·
704 1212 777 1263 τῶν
801 1204 1005 1264 σκυτάλων
1030 1196 1080 1263 ὧν
1103 1200 1302 1283 πέρδεται.

218 1321 303 1395 Quae
324 1321 452 1381 utinam
475 1319 630 1380 indecora
653 1320 742 1379 certe
762 1321 876 1379 essent
895 1317 1010 1379 verbal
1033 1319 1091 1379 sed
1111 1319 1444 1393 meraesuntnugaa.

345 1419 372 1463 τό
390 1420 505 1463 σκύταλον

217 1488 334 1550 Notula
364 1486 460 1547 ἐκεῖνο
491 1487 607 1548 turbas
638 1486 770 1547 dedisse
801 1485 943 1563 videtur,
975 1486 1084 1548 deleto
1107 1488 1220 1547 autern
1245 1486 1446 1547 emblemate

218 1606 250 1664 et
272 1603 399 1664 collatis
424 1618 472 1664 vs.
499 1601 562 1662 149
586 1616 653 1676 sq.:

480 1712 533 1796 όίγε
555 1737 615 1775 νυν
639 1714 720 1787 όττως
743 1711 881 1795 όνδριστλ
903 1713 956 1775 κοιλ
978 1719 1077 1787 καλῶς
1101 1712 1176 1795 ἐρεῖς

482 1826 689 1908 διερεισαμένη
712 1827 746 1889 τό
770 1838 869 1909 σχῆμα
892 1839 927 1913 τῇ
950 1830 1098 1913 βακτηρίᾳ

221 1961 332 2007 versus
354 1946 403 2007 sic
426 1945 569 2006 tortasse
595 1943 796 2020 explendus:

414 2053 491 2119 τοῦτ’
518 2053 572 2119 ἐστ’
599 2053 685 2118 ἐκεῖν’
710 2052 791 2138 ᾧιτιρ
819 2055 970 2138 (λέγων
995 2058 1246 2136 branchiam.

262 2173 418 2235 Credibile
454 2188 519 2234 non
550 2173 683 2234 videtur
713 2173 781 2234 tale
812 2174 999 2234 monstrum
1032 2175 1066 2234 et
1095 2174 1198 2235 codici
1220 2174 1248 2234 R
1272 2174 1306 2235 et
1327 2173 1447 2234 ceteris

222 2288 409 2348 inhaerere?
431 2288 561 2363 Reputa
584 2287 681 2347 sodes
699 2288 811 2347 tecum
828 2301 929 2360 quam
950 2285 1100 2348 sublesta
1112 2286 1250 2349 sitfldes
1263 2290 1447 2349 ceterorum

223 2403 378 2477 codicum,
402 2402 437 2461 in
461 2402 581 2475 quibus
601 2400 684 2462 haec
707 2400 820 2463 tabula
843 2403 895 2462 est
916 2402 1054 2476 tradita,
1079 2404 1113 2463 et
1135 2402 1308 2463 recordare
1331 2416 1449 2462 versus

223 2531 317 2591 supra
332 2512 355 2586 ¹)
377 2516 472 2576 allati
494 2515 579 2577 Nnb.
603 2516 680 2592 428,
706 2530 805 2589 quem
829 2515 932 2577 talem
956 2515 1092 2577 exhibet
1114 2516 1160 2576 R:

414 2624 473 2688 ἀλλ’
501 2627 545 2689 ὅτι
569 2627 680 2705 δήεις
703 2624 764 2706 ἤδη
788 2625 856 2704 nrt,

170 2729 172 2811 ί
226 2759 293 2805 cunr
316 2743 468 2805 deberet:

413 2854 485 2916 όλλο
509 2878 536 2913 τι
560 2849 675 2931 aad
702 2846 774 2918 οὖν
798 2862 993 2932 νομι>εῖς
1018 2854 1078 2935 ἤδη
1101 2854 1159 2916 κτὲ.

171 2971 173 3053 ζ
227 2971 275 3032 vel
296 2972 385 3032 verbi
409 2966 643 3033 συνεκποτέ’
669 2975 703 3034 in
727 2972 755 3033 R
779 2970 925 3033 edvardi
944 2993 1035 3032 κοτε
1061 2972 1178 3049 scripti
1196 2971 1283 3032 Plut.
1310 2971 1395 3032 1085
1411 2965 1445 3043 ¹).

171 3080 172 3087 ’
265 3086 405 3160 Denique
429 3087 491 3149 Av.
514 3088 578 3148 293
602 3087 655 3148 hic
676 3087 1006 3163 commemorandus,
1028 3086 1084 3147 ubi
1103 3087 1143 3147 de
1162 3085 1280 3146 avibus
1301 3086 1448 3147 cristatis

228 3198 338 3274 Epope:

795 3287 894 3364 ὥσπερ
918 3288 951 3349 οἱ
971 3291 1071 3369 Κᾶρες
1093 3284 1148 3365 μὲν
1172 3279 1230 3347 οὖν

348 3400 410 3462 ἐντὶ
434 3412 509 3462 τῶν
529 3408 659 3477 λοφων
683 3397 850 3479 οἱκοῦσ’,
873 3395 986 3482 ὦγάθ’,
1008 3400 1175 3478 ἀσφαλείας
1199 3400 1318 3462 οὕνεκα.

171 3544 172 3551 .
230 3516 275 3577 Sic
292 3518 333 3590 R;
357 3518 391 3577 in
415 3517 443 3576 V
467 3520 520 3579 est

349 3629 398 3690 ἐπι
420 3629 526 3705 λόφων
550 3625 664 3691 οίκοῦσ’
696 3677 699 3687 ,

170 3702 172 3819 ἶ
231 3745 258 3801 ct
279 3745 358 3818 apud
381 3745 551 3819 sequioras
574 3745 764 3805 tetrametri
787 3745 933 3819 speciem
957 3745 1041 3806 baec
1063 3745 1258 3807 induerunt:

170 3920 173 4017 l

171 4018 173 4145 l

232 4192 272 4254 tei
302 4199 402 4271 λόφων
438 4198 532 4260 οἰκεῖν
562 4201 636 4261 sive
666 4201 702 4260 ιἰι
732 4197 861 4262 collidus
889 4201 1040 4264 babitare.
1064 4204 1187 4264 Lucem
1212 4202 1284 4262 loco
1307 4200 1450 4261 reddidit

171 4330 173 4411 ἰ
234 4308 431 4373 Herwerdeni
454 4328 607 4375 acumen.
632 4312 786 4375 Comicus
808 4315 915 4375 dedit:

171 4424 173 4435 ’
350 4427 442 4498 τοὺς
466 4427 619 4501 λόφους
643 4425 823 4506 ἔχουσιν,
845 4420 869 4488 ὦ
893 4424 998 4507 ἀγάθ’,
1021 4427 1188 4503 ἀσφαλείας
1212 4427 1332 4488 οὕνεκα.

237 4536 312 4611 Quod
336 4542 473 4601 verbum
497 4541 693 4616 ambiguum
719 4575 758 4585 -
780 4557 858 4601 nam
882 4545 916 4603 et
935 4544 1047 4604 ωιοιοο
1066 4543 1178 4603 babere
1197 4547 1231 4603 et
1250 4543 1337 4602 collas
1350 4545 1450 4601 tencre

349 3855 397 3917 tal
421 3857 525 3934 λόφων
548 3858 687 3918 οἰκοῦσιν
711 3855 768 3917 κτὲ.

232 3969 345 4031 locatur
375 3972 501 4047 Epope:
533 3973 637 4033 iocosi
667 3974 782 4033 tamen
814 3973 897 4033 nihil
920 3973 1022 4034 habet
1045 3977 1161 4034 textus
1184 3974 1347 4047 traditus;
1371 3988 1449 4033 nam

232 4081 314 4154 plane
336 4085 479 4146 absurde
501 4085 613 4162 alites,
639 4086 695 4159 qui
718 4086 909 4161 ingentibus
928 4089 1039 4149 cristis
1056 4091 1135 4147 sunt
1155 4088 1277 4163 ornati,
1298 4088 1451 4148 dicuntur

239 4704 437 4714 -ῃ-

265 4794 281 4860 ¹)
298 4801 333 4847 cr.
349 4815 407 4862 pag.
426 4803 484 4848 aaa.

171 4874 173 4981 ἱ
265 4873 332 4933 ¹)0i.
348 4895 407 4941 pag.
426 4882 484 4929 att.
