4067 5950
565 748 629 808 202
803 766 1095 814 ammmom
1118 766 1289 813 πιοτιτοτι
1312 767 1354 813 οτι
1377 766 1552 814 οοιιοκοικ.

564 936 670 1017 μερικά
700 947 794 999 ταῦτα
824 939 866 1012 είς
889 939 999 1017 πολλά,
1023 939 1065 1012 είς
1089 940 1338 1020 προλογίζουτας,
1360 939 1402 1012 εἰς
1424 936 1586 1020 ἀγγέλους,
1608 940 1650 1013 ιλς
1673 940 1778 1020 ἐξαγγέ-

564 1055 653 1128 λους,
687 1051 729 1125 είς
763 1053 990 1130 κατασκόπους,
1023 1053 1065 1126 εἰς
1096 1055 1250 1132 φύλακας,
1280 1054 1321 1127 είς
1352 1053 1468 1135 ήρωας,
1497 1053 1540 1127 εἰς
1562 1053 1658 1127 θεοὺς
1680 1054 1730 1115 καλ
1749 1055 1781 1127 τίς

565 1163 639 1227 άλλα
663 1166 766 1247 μόρια.

611 1281 725 1341 τούτων
760 1271 817 1342 οόν
851 1283 1023 1362 προσώπων
1054 1281 1087 1342 τὸ
1118 1281 1189 1343 όλον
1220 1279 1395 1361 άθροισμα,
1425 1277 1441 1343 δ
1464 1280 1515 1343 καλ
1539 1281 1628 1361 χορὸς
1651 1280 1783 1357 ἐκαλεῖτο,

565 1393 704 1455 εἰσελθὸν
738 1392 779 1467 είς
813 1392 869 1471 τήν
901 1390 1083 1476 όρχήστραν,
1113 1392 1153 1473 ήν
1183 1394 1302 1472 ἔφασαν
1333 1392 1384 1456 καλ
1413 1399 1532 1476 λογεῖον
1556 1394 1698 1467 (ἐκαλεῖτο
1721 1390 1783 1471 δέή

565 1506 725 1580 είσέλενσις
756 1510 886 1585 εἴσοδος,
916 1508 967 1570 καλ
991 1508 1136 1588 ἐπήλυσις
1160 1507 1212 1571 καλ
1235 1508 1373 1589 ἐπίβασις
1396 1507 1448 1570 καλ
1471 1510 1607 1589 πάροδος
1631 1508 1682 1570 καλ
1700 1511 1784 1587 παρά-

565 1623 679 1701 βασις),
702 1622 839 1684 εἰσελθὸν
863 1615 920 1684 οόν
943 1622 994 1684 καλ
1017 1622 1159 1704 παραβὰν
1183 1623 1225 1695 εἰς
1254 1621 1309 1700 τήν
1332 1620 1500 1703 ὀρχήστραν
1523 1622 1599 1703 πρὸς
1626 1624 1696 1697 τοὺς
1719 1622 1783 1684 όπο-

565 1735 668 1816 κριτὰς
702 1736 754 1797 τὸν
787 1737 880 1818 λόγον
913 1738 1116 1816 ποιούμενον,
1148 1735 1181 1798 τὸ
1211 1736 1377 1817 πρόσωπον
1408 1734 1520 1816 βλέπον
1551 1731 1610 1817 εἶχε
1641 1737 1715 1817 πρὸς
1738 1736 1784 1813 τήν

566 1850 692 1929 σκηνήν·
727 1849 912 1925 ἐξελθόντων
947 1849 981 1913 δλ
1015 1860 1075 1913 τῶν
1110 1851 1298 1932 ὑποκριτῶν,
1331 1850 1405 1931 πρός
1436 1849 1469 1913 τό
1499 1861 1553 1913 τοῦ
1584 1852 1685 1931 δήμου
1707 1850 1783 1930 μέρος

564 1961 719 2045 ἐστρέφετο
741 1962 762 2045 ή
785 1965 818 2026 τὸ
841 1965 941 2039 δεξιόν
964 1963 985 2046 ή
1008 1965 1041 2026 τὸ
1062 1962 1228 2047 ἀριστερόν·
1248 1963 1300 2025 καλ
1323 1964 1416 2025 πάλιν
1436 1962 1649 2044 ἀπεστρέφετο
1669 1964 1741 2043 πρὸς
1758 1964 1783 2024 τὸ

565 2076 664 2159 ἕτερον
693 2077 744 2140 καλ
774 2077 854 2160 ἐλεγέ
883 2103 910 2139 τι
941 2076 1092 2158 ἑκατέροις
1119 2084 1181 2175 τοῖς
1209 2077 1318 2159 μέρεσι·
1341 2072 1404 2139 εἶτα
1427 2077 1563 2159 ἐξήρχετο
1587 2077 1639 2140 καλ
1661 2078 1739 2151 τέλος
1758 2077 1784 2137 τὸ

567 2193 666 2271 δρᾶμα
696 2191 872 2272 ἐλάμβανεν.
903 2201 996 2253 ταῦτα
1028 2190 1083 2270 μέν
1113 2185 1171 2254 οὖν
1203 2184 1280 2272 ἦσαν
1310 2191 1458 2273 πρακτικὰ
1488 2191 1615 2273 τέσσαρα
1640 2192 1712 2273 μέρη
1740 2200 1783 2251 τοῦ

569 2307 729 2386 δράματος·
758 2308 944 2387 παράβασις,
973 2307 1104 2385 στροφή,
1135 2304 1334 2386 ἀντίστροφος
1356 2305 1408 2368 καλ
1430 2305 1541 2380 ἐξοδος.
1564 2306 1615 2367 καλ
1640 2305 1739 2387 λογικά
1759 2301 1785 2364 δὲ

567 2421 643 2499 μέρη
663 2420 756 2499 αὐτῆς
774 2418 910 2500 τέσσαρα·
929 2418 994 2480 άντλ
1013 2420 1212 2498 παραβάσεως
1236 2418 1333 2501 ήγουν
1356 2421 1476 2499 πρώτης
1499 2420 1615 2499 βάσεως
1638 2421 1785 2500 πρόλογος,

568 2531 634 2594 άντλ
662 2530 695 2593 δέ
726 2542 858 2612 στροφῆς
887 2531 938 2593 καλ
970 2531 1174 2612 ἀντιστρόφου
1205 2532 1268 2617 ᾠδή
1299 2532 1350 2595 καί
1381 2531 1500 2616 άντιμδή
1531 2530 1552 2613 ή
1575 2532 1722 2614 ἐπίρρημα
1743 2529 1784 2591 καὶ

568 2645 790 2728 άντεπίρρημα,
819 2646 884 2707 άντλ
914 2645 947 2707 δέ
977 2646 1085 2721 ἐξόδου
1116 2646 1180 2731 ᾠδή
1210 2646 1260 2707 καλ
1284 2647 1364 2729 ῥῆμα
1388 2646 1546 2726 έξιτήριον.
1570 2656 1663 2708 ταῦτα
1685 2644 1736 2725 μὲν
1756 2642 1784 2703 τά

565 2760 694 2839 τέσσαρα
721 2762 795 2841 μέρη
818 2762 965 2841 πρακτικὰ
988 2762 1040 2823 καλ
1063 2762 1167 2841 λογικὰ
1186 2771 1245 2822 τῶν
1267 2763 1460 2841 δραματικῶν
1480 2763 1657 2840 ποιημάτων
1676 2760 1784 2838 όπήρχε.

615 2886 674 2937 τῶν
694 2873 726 2937 δὲ
744 2881 875 2955 λυρικῶν
895 2876 1133 2957 συγγραμμάτων
1149 2876 1216 2955 τρία
1227 2866 1306 2954 ήσαν
1318 2876 1353 2936 τὰ
1366 2874 1449 2955 μέρη·
1462 2875 1589 2955 στροφή,
1600 2874 1785 2952 ἀντίστροφος

568 2990 619 3052 καλ
641 2991 744 3065 ἔξοδος
767 2987 787 3070 ή
812 2989 967 3068 ἐξέλευσις,
989 2990 1146 3069 πρακτικά
1170 2989 1276 3070 λογικὰ
1299 2987 1331 3051 δὲ
1355 2991 1434 3074 ᾠδή,
1457 2989 1577 3076 άντφδή
1600 2989 1650 3050 καλ
1674 2987 1783 3074 έπςοδός.

568 3103 587 3184 ή
611 3096 669 3166 οὖν
692 3103 812 3190 άντφδή
836 3113 872 3188 τῇ
895 3104 959 3188 ᾠδή
982 3103 1165 3182 ἰσαρίθμους
1185 3102 1242 3183 ἔχει
1266 3105 1384 3182 στίχους
1407 3101 1459 3164 καλ
1477 3110 1540 3177 τοῖς
1560 3104 1665 3177 αὐτοῖς
1683 3101 1784 3181 μέτροις

445 3211 448 3219 ’
568 3217 692 3298 ἑκατέρα
714 3227 827 3299 χρῆται.
853 3215 868 3278 ό
893 3213 926 3278 δὲ
949 3215 1065 3302 ἐπῳδός
1089 3217 1223 3297 διάφορα
1248 3217 1370 3278 ἐκείνων
1394 3216 1452 3296 έχει
1474 3215 1525 3277 καλ
1547 3228 1587 3302 τῷ
1607 3216 1725 3300 ἀριθμῷ
1743 3211 1785 3274 καλ

569 3343 605 3417 τῇ
623 3332 758 3410 ποιότητι
782 3331 931 3409 οὐδαμοῦ.
955 3329 1141 3411 ἐφθέγγοντο
1162 3327 1195 3391 δέ
1218 3329 1268 3392 καλ
1292 3330 1325 3392 οί
1344 3329 1462 3410 λυρικολ
1484 3330 1559 3411 πρός
1583 3330 1703 3412 ἑκάτερα
1721 3329 1784 3407 μέρη

569 3455 622 3508 τοῦ
647 3447 746 3524 δήμου
770 3443 911 3524 δρῶντες,
935 3454 1055 3525 πρῶτον
1079 3441 1134 3522 μέν
1157 3443 1212 3521 τήν
1236 3445 1335 3529 ᾠδήν,
1357 3439 1419 3505 εἶτα
1443 3445 1499 3523 τήν
1522 3443 1671 3532 ἀυτφδήν,
1694 3442 1740 3504 έπλ
1759 3438 1785 3501 δὲ

569 3571 608 3644 τῷ
640 3557 713 3620 τέλιι
743 3558 795 3619 τὸν
826 3557 945 3643 ἐπῳδὸν
968 3556 1065 3637 ήγουν
1089 3557 1262 3642 δστερτμδήν
1286 3580 1316 3618 τε
1339 3557 1389 3619 καλ
1413 3557 1567 3640 ἐπίλογον,
1590 3559 1632 3631 είς
1655 3557 1739 3637 εόχόις
1758 3554 1784 3614 τὸ

569 3678 706 3734 πλεῖστον
730 3671 830 3733 αὐτῶν
853 3672 1077 3750 περικλείοντες.
1097 3672 1258 3750 προοίμιον
1279 3668 1312 3732 δὲ
1331 3673 1450 3744 τούτοις
1470 3671 1527 3733 οόκ
1545 3664 1585 3750 ήν
1604 3670 1644 3745 ὡς
1664 3670 1785 3743 ἐκείνοις,

571 3786 616 3848 ότι
646 3786 708 3864 άμα
738 3796 777 3869 τῷ
809 3785 957 3846 εἰσελθεῖν
984 3785 1025 3857 εἰς
1055 3783 1088 3847 τό
1112 3783 1244 3864 θέατρον
1266 3784 1342 3864 πρὸς
1367 3783 1419 3845 τόν
1443 3785 1543 3864 δῆμον
1567 3784 1740 3866 στραφέντες
1759 3778 1785 3840 τὸ

571 3900 645 3963 αὐτό
668 3900 769 3981 ἔλεγον
792 3898 843 3961 καλ
867 3897 1003 3978 στροφήν
1027 3897 1079 3960 καλ
1102 3900 1273 3978 προοίμιον.
