4067 5950
533 793 595 853 116
1049 807 1091 852 nn
1114 807 1241 853 ronnas

529 978 693 1053 malisque
734 977 887 1040 obrutam
926 977 1013 1040 haud
1048 976 1213 1040 illibenter
1246 979 1379 1054 reliquit
1411 980 1453 1041 ab
1487 979 1649 1042 Archelao
1682 995 1758 1055 rege

530 1093 737 1157 Macedoniae
756 1092 789 1154 in
809 1091 919 1153 aulam
941 1091 1107 1154 Pellaeam
1127 1093 1236 1154 verbis
1255 1092 1758 1156 honorificentissimisvocatus.

574 1207 722 1283 Magisne
741 1208 911 1282 acceptam
931 1205 995 1265 sibi
1013 1207 1125 1268 sedem
1145 1207 1273 1269 invenit
1296 1207 1329 1268 in
1353 1208 1485 1282 regione
1507 1205 1565 1268 illa
1582 1207 1758 1280 longinqua

530 1325 565 1384 61
594 1320 845 1383 semibarbara?
874 1319 1046 1394 Eortasse;
1078 1335 1200 1396 magno
1231 1323 1319 1382 certe
1351 1320 1384 1382 in
1408 1321 1531 1381 honore
1553 1320 1599 1380 ibi
1621 1319 1697 1396 luit,
1722 1322 1759 1380 ut

531 1435 716 1510 Aeschylus
745 1432 825 1495 olim
857 1433 1031 1508 Syracusis
1062 1435 1096 1495 61
1123 1431 1237 1510 Gelae,
1269 1435 1401 1495 etcum
1425 1433 1599 1508 Agathone
1621 1433 1759 1506 aliisque

529 1549 657 1612 civibus
680 1546 917 1624 compluribus,
942 1547 998 1621 qui
1020 1547 1102 1608 item
1126 1546 1205 1608 illuc
1227 1547 1466 1625 migraverant,
1493 1548 1676 1609 consuevit.
1697 1545 1758 1608 Sed

756 1660 851 1738 ,Alio
874 1663 1028 1722 vetustas
1051 1660 1186 1722 arbores
1209 1676 1251 1722 ne
1274 1661 1490 1722 transieras.”

531 1778 615 1838 Nam
649 1775 753 1836 altero
787 1788 874 1836 anno
908 1776 997 1850 post,
1030 1775 1274 1852 1666616406,
1307 1775 1457 1837 Athenas
1486 1774 1679 1836 nuntiatum
1706 1777 1759 1835 est

530 1889 720 1966 Euripidem
755 1888 827 1949 vita
860 1888 1012 1949 iunctum
1049 1889 1083 1949 et
1111 1887 1146 1948 in
1177 1889 1266 1948 terra
1295 1889 1467 1964 peregrina
1497 1888 1676 1964 sepultum.
1706 1888 1759 1948 Sic

531 2003 717 2078 Aeschylus
735 2004 814 2063 ante
830 2001 937 2062 lustra
956 2001 1072 2062 decem
1092 2015 1168 2062 cum
1187 2001 1270 2062 item
1282 2015 1387 2062 senex
1398 2002 1542 2078 patriam
1553 2000 1758 2076 reliquisset,

531 2118 622 2179 brevi
643 2117 720 2192 post
741 2115 775 2176 in
800 2113 911 2176 Sicilia
933 2114 1071 2175 obierat.

508 2275 512 2281 .
575 2231 658 2292 Ecce
680 2230 794 2290 autem
817 2241 922 2289 novae
945 2226 1077 2288 tabulae
1101 2229 1335 2302 argumentum
1359 2227 1541 2288 indicatum
1560 2227 1624 2288 sibi
1643 2227 1759 2288 habuit

528 2347 625 2420 poeta
648 2341 806 2404 comicus.
833 2338 1042 2416 „Euripidem
1067 2354 1143 2401 cum
1167 2339 1331 2414 Aeschylo
1355 2340 1440 2414 apud
1463 2340 1586 2401 interos
1608 2354 1758 2414 congres·

527 2458 625 2519 sum”
656 2455 866 2518 exhibiturus
896 2459 957 2515 est.
995 2452 1068 2513 Illic
1098 2453 1188 2514 enim
1219 2454 1288 2514 iam
1319 2453 1424 2514 iuncti
1458 2456 1537 2515 sunt
1568 2454 1630 2514 viri
1665 2452 1757 2514 dissi·

528 2571 642 2647 miles,
673 2567 1007 2631 Marathonomachus
1037 2569 1071 2627 et
1094 2566 1217 2640 loquax
1239 2567 1400 2643 sophista.
1424 2567 1532 2628 Ambo
1554 2567 1623 2628 iam
1647 2582 1665 2628 6
1689 2567 1758 2628 1116

527 2686 675 2745 humana
696 2684 776 2744 sunt
798 2681 940 2758 exemti,
964 2680 998 2741 61
1017 2680 1177 2755 Aeschyli
1199 2680 1308 2742 nobile
1327 2679 1408 2742 illud
1428 2681 1569 2741 dictum:
1594 2695 1653 2756 ,se
1674 2685 1755 2744 tem·

526 2797 597 2875 pori
619 2798 772 2858 dramata
794 2810 857 2855 sua
879 2794 1008 2855 tradere
1027 2793 1223 2855 iudicanda”
1247 2794 1349 2855 etiam
1372 2795 1406 2856 in
1425 2794 1618 2855 recentioris
1641 2798 1756 2871 poetae

526 2911 680 2991 operibus
710 2910 778 2969 iam
809 2906 910 2970 valet.
942 2907 1031 2983 Quae
1058 2907 1257 2969 vertacum
1282 2908 1580 2968 transferunturin
1603 2907 1756 2984 linguam

526 3025 727 3100 comoediae,
761 3038 799 3084 ea
830 3036 912 3098 quae
943 3021 1034 3083 cerni
1058 3022 1214 3098 tangique
1238 3025 1362 3097 queant
1383 3023 1582 3097 requirentis
1605 3023 1647 3085 ad
1671 3028 1754 3103 cogi·

524 3143 598 3201 tata
628 3137 847 3214 enuntianda,
880 3137 965 3198 hanc
996 3138 1140 3199 formam
1170 3139 1328 3201 induunt:
1360 3156 1420 3201 rex
1443 3141 1624 3202 interorum
1649 3141 1755 3203 altero

523 3255 621 3330 poeta
651 3251 747 3313 alteri
775 3250 928 3326 opposito
958 3251 1077 3312 efficiet
1106 3252 1174 3312 utri
1196 3252 1355 3314 debeatur
1378 3254 1475 3314 sedes
1498 3254 1561 3329 ipsi
1584 3255 1751 3331 proxima,

523 3368 639 3443 utpote
669 3366 704 3425 in
736 3365 808 3425 arto
839 3364 1152 3439 praestantissimo;
1176 3366 1263 3427 hunc
1287 3366 1377 3427 enim
1401 3365 1511 3427 iocum
1536 3366 1755 3429 honorificum

523 3479 688 3555 Aeschylo
722 3478 885 3539 hactenus
919 3478 1084 3539 tributum
1115 3478 1178 3541 sibi
1208 3493 1297 3541 nunc
1325 3482 1440 3555 poscet
1465 3480 1646 3555 Euripides.
1671 3481 1754 3543 Cum

522 3595 697 3657 materiem
727 3594 802 3654 tum
832 3593 1037 3654 structuram
1068 3591 1275 3669 dramatum,
1306 3593 1528 3668 praefationes
1551 3596 1584 3655 et
1607 3593 1756 3656 diverbia
1858 3650 1859 3679 ,

522 3713 556 3772 et
579 3708 721 3784 cantica,
747 3721 904 3767 versuum
928 3719 1088 3767 numeros
1111 3708 1145 3767 61
1174 3705 1291 3767 modos
1314 3708 1347 3768 et
1369 3706 1588 3768 saltationum
1612 3706 1752 3784 figuras,

520 3839 623 3901 parva
647 3823 680 3883 et
702 3835 825 3896 magna
848 3819 946 3880 Pluto
970 3819 1152 3895 perpendet
1174 3835 1214 3881 en
1236 3820 1326 3882 inter
1347 3834 1383 3880 se
1408 3819 1564 3881 conferet.
1858 3902 1859 3923 Χ

565 3938 604 3997 16
638 3949 742 3995 unum
778 3932 879 4008 igitur
910 3932 1020 3993 iocum
1053 3933 1294 4008 Aristophanes
1326 3933 1472 4007 tragicos
1499 3936 1613 4009 poetas
1636 3936 1754 3997 ambos
1858 3942 1859 3963 ¹

521 4049 662 4113 deducit.
693 4050 781 4108 Ante
812 4047 938 4122 regiam
969 4048 1209 4110 Acherontiam
1240 4049 1376 4123 ponitur
1405 4048 1523 4123 ingens
1552 4048 1649 4127 libra,
1675 4050 1752 4111 affe·
1858 4084 1859 4113 r

520 4166 638 4226 166161
660 4160 891 4237 perpendicula
914 4164 948 4222 et
970 4162 1103 4236 regulae
1127 4164 1160 4223 61
1183 4177 1320 4223 6611666
1344 4164 1378 4223 61
1396 4162 1586 4224 formellae:
1611 4163 1752 4224 minuta·

519 4279 582 4338 tim
624 4290 741 4336 severo
774 4274 895 4337 iudicio
931 4274 1192 4350 explorabuntur
1226 4276 1400 4349 utriusque
1434 4290 1571 4351 operum
1605 4276 1750 4353 pondus,

519 4392 642 4466 forma,
667 4388 824 4464 pretium.

564 4503 627 4565 Sed
662 4503 759 4578 poeta
793 4502 940 4563 comicus
971 4500 1051 4562 dum
1084 4503 1175 4564 totus
1205 4502 1268 4562 fuit
1297 4502 1331 4562 in
1363 4501 1493 4562 duriore
1523 4501 1585 4562 hac
1609 4503 1750 4564 materie

519 4616 704 4692 effingenda
735 4618 768 4676 et
798 4616 923 4690 ingenii
955 4616 1060 4690 copiis
1089 4615 1251 4692 ornanda,
1284 4617 1323 4676 de
1346 4616 1540 4689 quaestione
1563 4632 1581 4677 e
1604 4632 1639 4677 re
1661 4617 1750 4679 litte·

520 4733 609 4794 16116
638 4733 794 4794 desumta
822 4732 870 4792 ita
900 4730 1078 4805 disputans
1108 4733 1145 4792 ut
1173 4746 1216 4791 ex
1240 4734 1439 4806 argumento
1462 4730 1618 4793 abstruso
1640 4730 1752 4805 lepida

519 4846 612 4907 fleret
641 4844 768 4922 tabula,
800 4844 881 4906 obiit
904 4846 1007 4905 etiam
1032 4845 1210 4921 sophocles
1241 4846 1459 4920 grandaevus.
1484 4845 1545 4921 Qui
1568 4845 1750 4919 nonaginta
