4067 5950
691 801 772 848 vrrs
793 802 834 848 11
858 799 1029 847 ornamus.
1415 787 1477 848 1s1

284 977 361 1036 Iam
392 991 471 1037 vero
500 975 614 1037 minus
645 974 747 1037 etiam
779 1007 819 1019 -
848 974 878 1036 sl
900 975 1011 1050 potest
1034 972 1147 1035 minus
1172 1005 1213 1018 —
1237 971 1405 1034 incertum
1428 977 1482 1035 est

235 1092 403 1168 Dionyso,
428 1105 542 1167 preces
565 1091 641 1152 11188
664 1090 828 1166 quomodo
851 1090 980 1165 possint
1003 1089 1115 1150 renui:
1142 1088 1188 1164 ,0
1212 1087 1307 1164 bone,
1327 1088 1480 1164 frigidam

239 1209 400 1281 ,noctem
419 1208 496 1282 quid
516 1206 679 1281 quereris!
703 1205 849 1267 'luorum
868 1205 973 1280 ipsius
992 1204 1091 1266 modo
1104 1203 1280 1265 verborum
1292 1204 1480 1265 recordare:

427 1320 527 1397 ,Quis
549 1321 643 1381 novit
666 1335 708 1381 an
731 1320 817 1381 mori
839 1319 885 1380 sit
907 1319 969 1381 hoc
993 1318 1081 1394 quod
1105 1319 1264 1394 vivimus,

427 1436 486 1512 ,iit
511 1437 583 1511 ipsa
604 1451 696 1497 mors
719 1434 790 1496 vita
813 1449 855 1495 an
879 1433 1041 1495 habeatur
1060 1433 1200 1496 inieris?
1224 1466 1268 1476 —

239 1550 364 1626 ,Hanc
381 1553 476 1611 tuam
497 1549 707 1625 socrausquc
724 1547 923 1625 sapientiam
944 1548 1029 1610 habe
1048 1547 1110 1609 tibi
1129 1563 1293 1622 servaque
1313 1547 1484 1624 sepulcro:

239 1665 474 1740 ,profuturam
496 1665 632 1741 sperot”

286 1892 479 1970 Aeschylus
513 1894 614 1970 igitur
649 1909 725 1955 cum
760 1892 907 1969 Dionyso
937 1893 972 1953 in
996 1891 1097 1953 huius
1127 1891 1216 1953 vitae
1246 1891 1354 1953 lucem
1384 1891 1483 1969 redit,

238 2007 376 2069 inferna
405 2008 482 2070 sede
514 2008 702 2070 concredita
731 2007 899 2083 Sophocli,
930 2006 986 2081 qui
1010 2004 1126 2067 sedulo
1149 2018 1268 2066 cavere
1289 2003 1421 2066 iubetur
1443 2020 1484 2067 ns

240 2122 404 2181 versutus
427 2124 462 2182 et
484 2122 590 2184 fallax
613 2124 677 2184 iste
701 2121 821 2183 nebulo
843 2120 987 2182 insidere
1010 2118 1127 2196 possit.

287 2232 405 2307 Usque
428 2234 470 2296 ad
493 2234 631 2297 ultimos
655 2236 769 2297 autem
791 2232 876 2295 hnes
898 2233 992 2309 regni
1013 2233 1160 2295 Plutonii
1178 2233 1277 2295 deum
1297 2236 1331 2295 et
1349 2234 1483 2309 poetam

240 2346 407 2409 abeuntes
442 2348 562 2410 chorus
597 2348 785 2411 animarum
817 2348 992 2410 beatarum
1022 2347 1111 2409 laeta
1140 2362 1261 2424 pompa
1294 2349 1346 2408 est
1376 2362 1482 2423 prose·

240 2462 398 2538 cuturus,
425 2461 466 2522 ad
489 2462 676 2524 carminum
699 2461 804 2537 ipsius
827 2462 944 2523 modos
967 2461 1089 2523 martio
1112 2461 1267 2536 ingressu
1292 2461 1482 2522 comitatus.

239 2573 283 2634 111
317 2573 520 2637 munuscula
548 2574 711 2650 quaedam
741 2574 907 2650 Aeschylo
937 2575 1040 2637 tradit
1070 2561 1168 2636 Pluto
1190 2589 1208 2635 8
1230 2575 1373 2652 regione,
1398 2575 1485 2637 unde

242 2689 306 2748 vix
324 2689 502 2764 quisquam
521 2690 621 2752 rediit
638 2704 798 2766 unquam,
820 2690 861 2751 ad
881 2691 972 2751 cives
991 2689 1153 2764 quosdam
1172 2688 1375 2765 perferenda.
1392 2687 1482 2750 (1188-

240 2803 365 2877 phonti
394 2804 465 2864 viro
495 2802 651 2866 bellicoso
683 2806 717 2866 et
746 2803 823 2864 inde
846 2803 886 2864 ab
911 2817 996 2864 anno
1015 2803 1081 2863 411
1106 2802 1250 2878 partium
1273 2801 1482 2878 popularium

241 2918 323 2979 duci
345 2933 472 2996 ensem,
492 2919 702 2982 Archedemo
722 2917 903 2980 Adimanto
921 2917 996 2979 aliis
1016 2932 1145 2981 venena
1163 2919 1196 2980 et
1213 2917 1350 2993 laqueos
1366 2917 1483 2995 mittit,

241 3031 325 3105 quid
344 3032 413 3093 ista
431 3032 536 3094 velint
557 3032 785 3095 intellecturos
808 3033 913 3094 ratus.
937 3030 1082 3094 cunctos
1105 3031 1200 3093 brevi
1217 3032 1253 3094 in
1270 3046 1369 3094 suam
1390 3032 1485 3094 dicio·

240 3159 326 3207 nem
351 3149 544 3208 coacturum
566 3162 604 3209 se
627 3150 751 3224 sperat.

289 3257 461 3335 cleophon
496 3260 596 3321 homo
630 3261 669 3320 ut
702 3258 920 3321 inconsultior
954 3258 1097 3320 fortasse
1128 3261 1162 3321 81
1192 3259 1405 3336 temerarius,
1437 3260 1484 3321 ita

241 3371 371 3447 probus
405 3374 439 3433 et
472 3373 598 3448 patriae
628 3387 761 3450 amans,
796 3372 910 3448 paucis
939 3372 1114 3433 mensibus
1144 3375 1221 3447 post
1250 3388 1308 3448 per
1338 3373 1483 3449 speciem

242 3485 417 3559 quandam
448 3485 560 3546 iudicii
591 3500 609 3545 8
639 3486 749 3547 medlo
778 3488 833 3546 est
865 3484 1036 3558 sublatus;
1067 3485 1268 3547 Adimantus
1300 3485 1341 3547 ad
1373 3488 1484 3562 Aegos

241 3601 422 3673 potamum
446 3614 551 3660 naves
574 3598 729 3659 hostibus
752 3600 811 3660 aut
832 3598 969 3660 tradidit
992 3601 1051 3659 aut
1073 3598 1282 3673 prodidit...

841 3876 883 3939 X.

291 4053 347 4113 Sic
381 4054 415 4114 in
451 4052 542 4115 exitu
575 4054 721 4131 fabulae,
756 4069 841 4129 quae
871 4054 1116 4116 hilarissimum
1146 4053 1262 4116 hahuit
1294 4053 1481 4129 exordium,

243 4164 383 4226 striduli
424 4167 557 4240 quidam
599 4169 672 4229 soni
709 4168 875 4229 malorum
907 4169 1062 4244 praesagi
1095 4169 1337 4243 interstrepunt
1371 4167 1484 4243 verba,

244 4295 333 4353 quae
356 4279 504 4341 laetioris
528 4283 608 4342 sunt
630 4281 772 4357 augurii.

291 4391 491 4454 Hilarumne
524 4394 722 4455 exordium?
736 4440 743 4456 .
758 4440 787 4456 ..
820 4395 899 4471 Quis
922 4396 1037 4470 negoti
1062 4395 1216 4457 Hilarum
1239 4410 1320 4456 sane
1344 4396 1378 4457 81
1401 4394 1483 4455 iace·

246 4508 322 4566 tum
346 4508 380 4566 et
402 4506 600 4581 tranquillae
622 4507 769 4569 laetitiae
789 4508 896 4569 nitore
915 4509 1057 4582 quodam
1078 4508 1265 4585 perfusum!
1289 4509 1351 4570 sed
1371 4512 1484 4570 tamen

246 4620 307 4679 8111
335 4634 465 4694 quoque
494 4620 528 4681 in
556 4621 665 4696 prima
686 4621 746 4682 illa
767 4620 899 4683 fabulae
921 4624 1016 4697 parte
1038 4622 1265 4698 percipiuntur
1289 4622 1375 4684 soni.
1400 4623 1483 4682 Nam

247 4734 314 4794 1181
337 4732 379 4794 ad
401 4733 524 4796 inferos
547 4750 623 4796 cum
641 4735 786 4796 initurus
805 4737 859 4796 881
877 4736 1058 4813 Dionysus,
1083 4736 1219 4797 effertur
1237 4736 1483 4810 homoquidam

247 4849 422 4923 mortuus;
447 4863 546 4923 quem
570 4849 618 4911 sic
641 4846 839 4923 alloquitur:
