4067 5950
362 1828 429 1906 De
454 1829 621 1906 metris
644 1829 707 1907 ab
731 1824 1059 1921 Aristophane
1083 1822 1317 1901 adhibitis
1335 1824 1369 1911 ¹).

766 2118 959 2125 ----.-

599 2338 621 2411 β
642 2335 671 2395 1.
692 2334 748 2395 Da
769 2334 907 2395 lambls
927 2332 1128 2395 trimetris.

297 2541 458 2604 'lrimeter
481 2545 628 2605 comicus
650 2560 838 2607 sermonem
862 2544 1091 2620 quotidianum
1110 2544 1271 2606 imitatur.
1291 2544 1393 2605 Metro
1412 2542 1477 2616 qui·

257 2655 327 2715 dem
350 2656 508 2719 adstricta
530 2659 609 2719 sunt
631 2658 745 2735 verba,
764 2661 797 2720 et
816 2661 887 2720 arte
906 2658 1052 2735 proiecto
1070 2657 1289 2719 subtilissima
1307 2657 1480 2732 adstricta,

257 2768 311 2827 aad
344 2783 381 2829 eo
414 2771 611 2846 praesertim
645 2771 753 2833 tendit
785 2772 867 2833 baec
901 2787 956 2832 ars
986 2775 1024 2833 ut
1053 2771 1163 2833 latitet
1191 2772 1363 2847 ipsamque
1392 2770 1481 2831 vltae

258 2883 439 2945 communis
470 2884 647 2948 dictionem
680 2920 721 2932 -
754 2902 832 2948 nam
860 2882 876 2946 ὁ
900 2885 1010 2965 ἴαμβος
1034 2884 1110 2965 αὐτή
1133 2883 1212 2946 ἐστιν
1236 2883 1255 2964 ἡ
1279 2883 1355 2960 λέξις
1378 2882 1397 2963 ἡ
1421 2893 1481 2946 τῶν

255 2992 408 3064 rollov')
445 3032 485 3042 -
517 2999 639 3062 referre
670 3001 830 3078 rideatur,
863 3001 965 3063 nullis
994 3001 1060 3063 nisl
1090 3016 1173 3075 quas
1202 3004 1322 3063 natura
1350 3002 1483 3078 scripsit

255 3107 379 3183 legibus
402 3110 700 3189 obtemperantem.

296 3223 434 3285 llultum
463 3225 574 3304 igitur,
607 3230 645 3289 ut
674 3228 960 3290 interdictionem
983 3229 1152 3306 soccatam
1175 3230 1210 3290 et
1232 3229 1479 3307 cothurnatam,

256 3334 300 3396 sic
327 3337 414 3398 inter
443 3338 534 3415 ipsos
563 3355 721 3403 numeros
750 3341 977 3404 trimetrorum
1001 3342 1203 3404 comicorum
1226 3343 1259 3403 et
1281 3342 1480 3418 tragicorum

256 3450 399 3513 interest.
436 3452 526 3529 Quod
560 3458 722 3530 quantum
757 3456 803 3517 sit
832 3456 1028 3534 discrimen,
1057 3455 1252 3532 praesertim
1283 3458 1419 3532 apparet
1447 3456 1481 3516 in

257 3565 371 3639 padum
395 3568 645 3644 trisyllaborum
670 3585 743 3632 usu.
766 3569 814 3631 De
836 3571 889 3631 his
911 3571 1012 3647 igitur
1034 3569 1180 3632 breviter
1203 3569 1447 3644 disputandum.

286 3818 306 3887 ¹)
321 3824 352 3872 In
365 3826 417 3874 boo
433 3828 647 3876 commentariolo
664 3828 783 3876 adbibita
799 3832 862 3877 sunt
877 3829 952 3888 signa
970 3842 1038 3890 qnae
1055 3830 1215 3888 sequnntur:

387 3905 396 3941 Ι
426 3904 510 3955 ictum
527 3908 666 3956 matricum
682 3907 791 3957 indicat.

380 4009 399 4035 υ
431 3996 559 4057 syllabam
574 3996 681 4046 brevem
698 3999 754 4046 slre
771 3996 852 4047 nnius
869 4012 970 4048 morae.

380 4117 396 4125 -
431 4086 557 4147 syllabam
573 4085 679 4146 longam
696 4087 751 4135 slve
769 4087 881 4137 duarum
898 4100 1040 4136 morarum.

361 4175 398 4214 l-
431 4173 560 4234 syllabam
576 4171 657 4222 trium
671 4187 814 4223 morarum.

361 4263 398 4302 [Δ
432 4261 560 4322 syllabam
576 4264 690 4321 quatuor
707 4275 852 4311 morarum.

362 4352 398 4392 tn
432 4351 559 4411 syllabam
576 4350 693 4410 quinque
710 4363 854 4400 morarum.

380 4449 397 4480 Λ
432 4437 566 4487 silentium
582 4451 630 4498 per
646 4438 725 4485 unlus
743 4452 831 4486 moras
848 4436 1030 4486 intervallum.

379 4526 398 4569 λ
430 4528 565 4576 silentium
583 4540 630 4587 per
647 4526 760 4575 duarum
777 4540 910 4576 morarum
929 4527 1108 4575 intervallum.

363 4614 396 4678 LK
431 4615 564 4664 silentium
581 4615 726 4675 partitum
746 4629 882 4665 morarum
900 4615 1079 4663 intervallum.

361 4721 397 4748 υυ
429 4702 530 4751 indicat
555 4703 672 4762 syllabas
697 4703 764 4750 duas
788 4704 847 4752 looo
869 4704 947 4751 unius
971 4715 1028 4750 asse
1051 4698 1198 4758 adhibitam
1224 4716 1246 4751 a.
1269 4717 1295 4763 g.
1320 4718 1334 4752 a
1356 4706 1480 4756 troobaao

456 4793 487 4839 tlt
502 4791 651 4850 tribrachys
673 4792 743 4849 ύυυ,
760 4804 793 4838 ex
808 4788 897 4838 iambo
914 4788 1063 4850 tribrachys
1085 4791 1147 4832 υύυ
1168 4787 1210 4839 vel
1227 4796 1386 4852 anapaestus
1408 4806 1478 4841 υυι.

287 4879 1107 4945 ¹)lrlatBbstor.111854,ot.l§91’oet.4filisq.
