4067 5950
543 757 586 816 46
1064 775 1106 820 on
1129 775 1256 822 roman

541 941 799 1005 criminantibus
829 945 1027 1020 obloquendi
1058 947 1092 1007 in
1121 947 1194 1009 elus
1224 950 1357 1024 pectore
1381 949 1554 1013 deferbuit.
1576 951 1671 1013 llusa
1696 955 1783 1012 tuno

540 1059 637 1118 nocte
660 1058 772 1132 quieta
796 1059 898 1120 haece
921 1061 1093 1122 inaurem
1116 1062 1147 1122 ei
1167 1061 1410 1124 insusurravit:
1434 1064 1525 1140 ,Ista
1542 1064 1668 1141 fabula,
1691 1080 1782 1140 quae

545 1171 737 1246 ,tantopere
761 1170 887 1246 placuit
908 1173 977 1234 tuis
1000 1173 1134 1250 amicis,
1158 1175 1347 1236 humilioris
1370 1179 1442 1237 erat
1461 1178 1544 1238 artis
1562 1192 1663 1251 quam
1681 1178 1782 1239 fuere

544 1282 702 1356 ,priores
745 1282 953 1348 clamitando
995 1290 1054 1348 aut
1095 1289 1312 1350 convitiando
1353 1290 1411 1363 qui
1451 1290 1637 1352 isiciarium
1678 1294 1781 1352 tuum

546 1399 698 1472 ,aequet
731 1398 843 1460 nullus
873 1371 1016 1463 fortasse
1040 1403 1141 1463 homo
1165 1403 1309 1464 Athenis
1332 1405 1442 1480 extat;
1471 1405 1529 1466 sed
1556 1406 1624 1466 mei
1647 1406 1781 1466 alumni

545 1531 630 1593 ,non
661 1519 734 1578 erat
764 1517 948 1591 iurgiorum
983 1516 1174 1578 istiusmodi
1203 1517 1286 1577 inire
1310 1519 1511 1594 certamina,
1536 1535 1620 1594 quae
1646 1520 1781 1580 victori·

545 1631 626 1705 ,bus
657 1645 757 1705 quam
788 1629 888 1690 victis
919 1629 1030 1690 maius
1060 1629 1204 1691 afferunt
1234 1630 1387 1691 dedecus.
1418 1631 1491 1692 Non
1523 1635 1560 1692 ut
1589 1634 1674 1693 rixis
1697 1633 1779 1693 civi·

545 1744 654 1819 ,libus
693 1744 761 1804 tela
799 1743 1072 1804 subministrares
1102 1747 1135 1802 te
1171 1745 1304 1820 vocavi,
1343 1745 1401 1805 sed
1435 1748 1472 1805 ut
1506 1750 1614 1806 artem
1648 1745 1781 1806 Cratini

544 1858 633 1933 ,alte
657 1858 816 1918 eveheres
840 1871 942 1931 supra
964 1857 1051 1917 vitae
1075 1857 1286 1929 quotidianae
1308 1859 1425 1920 sordes
1447 1861 1481 1918 et
1504 1860 1718 1920 aerumnas.”

1114 2131 1202 2194 VIII.

587 2314 699 2388 Neque
723 2312 874 2387 proximo
897 2313 1047 2385 tempore
1059 2311 1274 2386 Aristophani
1294 2313 1395 2372 nimis
1414 2310 1546 2374 difficile
1564 2328 1638 2373 esse
1656 2314 1779 2388 potuit,

544 2427 729 2502 apartium
762 2424 1029 2486 contentionibus
1055 2439 1091 2484 se
1114 2424 1290 2486 abstinere.
1313 2424 1398 2486 Nam
1423 2427 1525 2488 etiam
1548 2428 1682 2487 tacente
1703 2427 1779 2502 ipso

543 2543 617 2601 rata
638 2541 707 2600 iam
729 2538 802 2600 fleri
825 2537 1024 2600 videbantur
1047 2539 1119 2597 eius
1142 2541 1231 2599 vota.
1250 2538 1373 2599 Rerum
1392 2540 1578 2600 futurarum
1599 2540 1778 2615 praesagia

543 2654 705 2728 quaedam
747 2652 910 2713 habuerat
951 2651 1087 2726 Equites
1120 2651 1246 2727 fabula,
1281 2667 1357 2712 cum
1392 2652 1472 2713 altis
1506 2653 1779 2715 adversariorum

544 2766 744 2829 clamoribus
767 2768 962 2826 resonuerat
984 2767 1173 2840 theatrum,
1202 2767 1240 2825 ut
1258 2765 1373 2826 littora
1395 2781 1476 2827 voce
1497 2767 1639 2828 stridula
1661 2769 1777 2827 avium

543 2883 706 2960 procellae
729 2881 1018 2957 praenuntiarum‚

845 3010 922 3055 cum
946 2994 1056 3054 medio
1079 2993 1233 3054 revolant
1256 3009 1297 3054 ex
1322 3008 1473 3067 aequore.

588 3110 741 3172 Nondum
772 3108 905 3182 quidem
936 3108 970 3168 in
1001 3106 1125 3167 malam
1157 3120 1228 3167 rem
1257 3107 1441 3183 pellebatur
1464 3106 1587 3182 Bullio,
1612 3108 1671 3167 sed
1694 3122 1776 3167 mox

544 3229 580 3284 ut
610 3224 788 3299 pelleretur
817 3222 896 3296 quin
925 3220 959 3280 in
982 3220 1061 3279 fatis
1084 3222 1175 3290 esset
1196 3220 1337 3280 minime
1359 3219 1532 3280 dubitabat
1554 3222 1670 3295 poeta;
1693 3235 1776 3280 nam

544 3338 653 3411 magis
688 3336 860 3409 magisque
895 3331 1134 3394 obscurabatur
1164 3332 1275 3392 brevis
1304 3332 1363 3393 illa
1392 3332 1523 3394 Cleonis
1553 3333 1672 3408 gloria,
1695 3333 1776 3392 dum

542 3450 791 3512 calamitatibus
814 3446 1064 3522 opprimebatur
1089 3461 1142 3506 111
1167 3446 1392 3506 Atheniensis.
1416 3446 1544 3523 Spretis
1563 3462 1666 3507 sanae
1684 3460 1775 3507 men·

543 3567 589 3623 tis
619 3562 802 3638 praeceptis
833 3560 913 3634 illis,
946 3573 1030 3633 quae
1062 3558 1147 3619 bello
1178 3560 1313 3620 ineunte
1336 3561 1471 3621 dederat
1493 3556 1649 3635 Pericles,
1674 3559 1773 3619 Athe·

543 3676 712 3737 niensium
750 3675 861 3749 copiae
895 3656 1075 3733 terrestres
1109 3674 1306 3732 invaserunt
1340 3673 1527 3748 Boeotiam,
1564 3673 1620 3734 uhi
1650 3672 1776 3747 aliquot

544 3790 716 3851 mensibus
747 3789 821 3861 post
849 3786 984 3859 Equites
1014 3784 1162 3845 rabulam
1192 3801 1312 3846 scenae
1335 3787 1551 3847 commissam
1575 3786 1776 3862 gravissima

544 3904 636 3964 clade
660 3905 740 3962 sunt
763 3900 912 3963 affectae.
936 3900 1046 3959 Isdem
1071 3899 1187 3959 diebus
1211 3899 1350 3959 Sitalces
1370 3899 1495 3975 Thrax,
1520 3900 1774 3960 Atheniensium

544 4018 668 4089 socius,
692 4028 843 4088 -quem
863 4014 896 4101 in
917 4012 1189 4072 Acharnensibus
1209 4012 1320 4073 fabula
1343 4012 1431 4073 salse
1447 4014 1569 4073 riserat
1583 4013 1775 4087 Aristopha-

545 4145 617 4203 nes,
643 4160 686 4169 -—
710 4127 834 4202 praelio
855 4141 930 4186 cum
950 4128 1048 4199 gente
1068 4125 1178 4185 vicina
1200 4127 1283 4186 inIto
1307 4128 1441 4201 occidit;
1466 4128 1518 4187 cui
1537 4127 1593 4201 qui
1612 4127 1775 4187 successit

544 4243 701 4314 Seuthes,
728 4239 868 4314 Spartae
891 4238 1036 4298 favebat.
1061 4237 1181 4298 Eodem
1203 4240 1304 4299 etiam
1329 4244 1480 4316 tempore
1503 4241 1660 4301 Brasidas
1683 4241 1775 4315 Spar-

543 4357 703 4415 tiatarum
734 4353 800 4412 dux
831 4354 990 4411 strenuus
1021 4354 1055 4410 et
1083 4353 1209 4426 peritus
1237 4367 1311 4412 cum
1342 4368 1463 4427 magno
1487 4354 1633 4413 exercitu
1656 4351 1775 4427 petivit

545 4483 637 4529 oram
673 4465 861 4540 Thraciam,
897 4463 953 4523 ubi
989 4464 1144 4524 civitates
1177 4466 1319 4525 Athenis
1348 4465 1478 4525 foedere
1508 4467 1640 4526 iunctas
1674 4463 1774 4524 aliam

544 4584 621 4656 post
644 4580 744 4640 aliam
768 4581 805 4639 ut
828 4576 1005 4639 deficerent
1029 4579 1086 4637 aut
1109 4580 1274 4651 permovit
1293 4584 1352 4639 aut
1370 4580 1492 4655 coegit,
1512 4580 1546 4638 in
1566 4580 1620 4638 his
1639 4579 1772 4654 Amphi·

545 4693 645 4767 polim
671 4692 785 4752 urbem
810 4694 1076 4771 praepotentem,
1098 4690 1284 4764 Strymonis
1302 4692 1395 4752 fluvii
1416 4692 1563 4753 claustra
1583 4694 1774 4767 habentem,

545 4806 632 4865 unde
656 4806 697 4865 ad
721 4820 824 4866 naves
847 4805 1015 4865 faciendas
1038 4802 1129 4877 ligna
1151 4803 1308 4877 petebant
1330 4806 1562 4866 Athenienses.
