4067 5950
570 790 612 850 66
1088 805 1130 850 oa
1153 805 1280 851 roenna

568 978 654 1040 sime
685 993 764 1039 mox
793 977 839 1038 ibi
870 993 940 1039 rem
972 978 1088 1054 gessit.
1121 977 1184 1040 sed
1216 977 1406 1054 Hyperbolo
1437 979 1490 1040 rel
1513 979 1683 1042 Alcibiade
1703 981 1796 1042 facile
1861 970 1862 1015 l

569 1091 775 1169 superiorem
794 1091 864 1152 iore
882 1104 919 1152 se
939 1089 1139 1154 confidebat:
1158 1108 1236 1154 cum
1259 1106 1404 1166 nequam
1427 1093 1589 1154 eiusmodi
1608 1094 1797 1156 bominibus

570 1205 767 1267 contendere
791 1219 856 1265 non
880 1219 953 1266 esee
976 1206 1191 1283 temeritatis,
1216 1205 1427 1268 lucernarum
1451 1207 1539 1267 enim
1558 1207 1616 1268 isti
1636 1210 1797 1269 venditori

570 1318 718 1380 clamoso
748 1316 876 1380 nullam
907 1334 981 1380 esse
1004 1334 1117 1381 rerum
1140 1319 1348 1395 publicarum
1372 1321 1540 1398 peritiam,
1565 1321 1692 1382 nullam
1716 1323 1799 1383 inter

569 1431 660 1492 cives
698 1432 950 1506 auctoritatem
990 1433 1123 1494 iuvenis
1161 1435 1275 1494 autem
1313 1437 1503 1510 protervus,
1545 1435 1640 1496 cuiue
1678 1451 1797 1497 nomen

570 1548 702 1622 propter
735 1545 908 1606 libidinum
940 1545 1234 1620 intemperantiam
1264 1547 1298 1606 in
1328 1548 1478 1608 omnium
1511 1562 1567 1608 ore
1599 1551 1796 1621 versaretur,

570 1665 606 1723 ut
640 1660 727 1721 serio
758 1659 881 1734 aliquid
912 1659 990 1720 belli
1020 1660 1153 1720 domive
1187 1661 1393 1722 tractaturus
1427 1664 1518 1722 esset
1546 1676 1709 1738 unquam,
1743 1662 1797 1722 vix

571 1774 673 1835 videri
703 1772 870 1849 credibile,
902 1772 980 1833 licet
1010 1773 1118 1834 laudis
1149 1775 1238 1834 esset
1268 1775 1564 1848 appetentissimus
1593 1778 1628 1837 et
1661 1775 1797 1837 Periclis

571 1887 798 1949 consobrinus.

615 2003 655 2062 at
685 2001 747 2063 hoc
770 2001 901 2075 quidem
927 2003 1076 2076 tempore
1097 2001 1189 2061 cives
1212 2000 1255 2060 iis
1277 2000 1359 2062 solie
1381 2001 1584 2078 praebebant
1606 2016 1718 2077 aures,
1744 2002 1795 2076 qui

570 2117 610 2177 ad
640 2114 719 2176 belli
748 2113 936 2176 decennalis
958 2111 1058 2174 finem
1082 2113 1270 2175 laciendum
1297 2115 1568 2176 adhortabantur.
1591 2115 1675 2176 Nam
1699 2116 1796 2177 rebus

570 2231 719 2293 adversis
749 2229 918 2290 extinctus
947 2229 1017 2289 erat
1040 2228 1183 2289 martius
1206 2230 1312 2305 ardor,
1337 2233 1371 2290 et
1396 2229 1589 2304 paenitebat
1611 2231 1795 2306 spretarum

568 2347 648 2407 olim
683 2343 774 2419 pacis
808 2341 1054 2416 condicionum,
1090 2356 1174 2416 quas
1208 2345 1289 2403 ωηο
1322 2358 1399 2404 cum
1441 2341 1543 2404 cleon
1577 2344 1683 2404 victor
1717 2340 1796 2416 Pylo

568 2458 710 2519 redierat
742 2456 875 2532 saeptus
907 2455 1098 2516 obtulerant
1128 2455 1389 2518 Lacedaemonii.
1420 2455 1546 2532 Nempe
1575 2454 1664 2532 plue,
1696 2469 1795 2528 quam

567 2569 770 2647 praebebant
798 2568 861 2644 illi,
894 2571 972 2629 tunc
994 2571 1214 2644 poposcerant
1238 2567 1476 2642 Athenienses,
1500 2583 1589 2629 nunc
1611 2583 1690 2628 vero
1717 2566 1795 2643 ,uti-

567 2683 669 2745 nam'’
688 2697 801 2743 recum
821 2679 1045 2741 mussitabant
1059 2696 1144 2755 ,non
1157 2683 1300 2756 partium
1312 2681 1520 2757 popularlum
1533 2681 1622 2759 duci,
1640 2680 1794 2755 Spartam

569 2809 723 2871 ,prorsus
745 2793 977 2869 proterendam
1001 2795 1100 2854 vasta
1123 2809 1203 2854 voce
1227 2793 1420 2870 clamantis,
1444 2797 1524 2855 tunc
1547 2809 1702 2855 essemus
1725 2809 1795 2854 aus-

570 2907 720 2985 ,cultati,
742 2907 801 2967 sed
820 2905 933 2968 Niciae
954 2907 1117 2981 huiusque
1141 2905 1277 2967 amicis:
1301 2910 1437 2968 sextum
1456 2907 1523 2967 iam
1537 2922 1664 2968 annum
1677 2907 1797 2968 luisset

569 3038 654 3099 ,pax
664 3023 694 3082 1”
716 3054 755 3064 -
777 3021 869 3082 Nunc
888 3036 1011 3095 magna
1030 3021 1187 3096 poscendi
1206 3021 1333 3083 nullam
1353 3022 1453 3083 etiam
1475 3037 1549 3082 esse
1568 3023 1792 3095 occasionem,

564 3137 623 3197 sed
642 3135 724 3196 bene
744 3138 856 3194 actum
876 3134 944 3195 fore
966 3134 1005 3195 de
1016 3134 1292 3210 Atheniensibus,
1314 3135 1344 3195 ei
1356 3136 1605 3197 condicionibus
1615 3151 1681 3197 ηοη
1694 3136 1795 3196 nimis

564 3248 686 3322 iniquis
709 3263 785 3307 cum
809 3246 962 3308 hostibus
984 3248 1108 3322 pacisci
1131 3246 1258 3323 liceret,
1282 3248 1382 3323 probe
1406 3248 1595 3309 sentiebant
1616 3264 1747 3310 omnes.

1138 3612 1213 3672 XII.

606 3817 733 3889 Ergone
762 3813 909 3873 instabat
939 3811 1103 3873 malorum
1129 3811 1226 3874 linis!
1260 3813 1380 3874 Decem
1412 3829 1470 3888 per
1501 3828 1607 3874 annos
1636 3814 1723 3874 inter
1756 3830 1792 3873 se

558 3928 709 4003 iugulare
740 3926 881 3986 Graecos
909 3928 1083 4001 postquam
1116 3927 1267 3987 eiverant
1297 3927 1447 4002 numina,
1479 3926 1614 3988 tandem
1649 3926 1789 4001 impium

558 4044 654 4103 illum
684 4040 829 4101 furorem
860 4039 1044 4114 fregerant!
1075 4039 1150 4101 Uno
1181 4041 1363 4116 eodemque
1394 4043 1579 4117 momento,
1605 4042 1641 4100 ut
1668 4039 1791 4100 iratres

560 4155 608 4215 illi
642 4152 802 4226 Thebani,
840 4151 907 4211 dux
940 4154 1079 4223 uterque
1114 4152 1290 4229 ceciderat,
1327 4156 1361 4215 et
1395 4169 1471 4215 cum
1506 4153 1574 4213 illis
1603 4152 1790 4213 ceciderant

560 4266 702 4328 bellandi
725 4264 851 4338 studia;
877 4279 941 4325 non
970 4264 1036 4323 nisi
1059 4265 1186 4326 consilii
1210 4269 1244 4326 et
1267 4266 1516 4327 benevolentiae
1539 4265 1661 4339 aliquid
1686 4265 1789 4325 etiam

560 4378 788 4454 requirebatur
810 4377 851 4437 ad
875 4375 1135 4438 confirmandam
1160 4394 1276 4453 pacem
1295 4379 1380 4439 nulli
1402 4395 1466 4440 ηοη
1492 4379 1753 4455 optatissimam.

603 4493 702 4552 Laeto
725 4493 821 4551 aestu
846 4490 998 4551 efferbuit
1022 4494 1139 4566 poetae
1163 4492 1293 4553 iuvenis
1317 4493 1448 4553 animus
1472 4507 1663 4568 generosus.
1683 4492 1787 4569 Quem

557 4621 623 4665 non
656 4603 766 4665 solum
797 4604 918 4677 gaudia
952 4604 1188 4678 pertentabant
1220 4606 1436 4682 dulcissima,
1471 4607 1530 4667 sed
1566 4607 1598 4667 et
1631 4606 1788 4682 superbia

560 4718 692 4779 meritis
726 4719 886 4791 quaesita.
921 4718 1038 4779 Nonne
1074 4727 1108 4779 at
1142 4720 1212 4794 ipse
1246 4735 1304 4794 pro
1332 4720 1458 4781 viribus
1488 4723 1624 4782 strenue
1653 4721 1788 4781 dederat

559 4847 692 4907 operam
716 4834 754 4891 ut
776 4832 868 4907 pacis
891 4832 950 4893 illa
972 4847 1049 4907 spes
1068 4836 1143 4893 rata
1161 4831 1255 4895 fleret
1275 4833 1477 4908 aliquando?
1495 4834 1611 4896 Nonne
1629 4835 1787 4895 audacter
