4067 5950
552 760 615 818 112
1074 776 1116 820 nn
1139 775 1265 822 rorran

595 946 666 1006 Non
690 945 858 1022 convenit,
882 947 918 1006 et
938 945 986 1004 rei
1008 944 1159 1020 publicae
1182 946 1330 1021 regimen
1354 947 1480 1009 frustra
1499 949 1668 1008 mutatum
1687 963 1783 1023 appa·

550 1059 634 1132 ruit;
665 1074 745 1120 mox
776 1061 889 1119 autem
920 1074 997 1119 cunr
1028 1058 1204 1121 defecisset
1234 1059 1376 1136 Euboea,
1408 1075 1493 1135 quae
1524 1061 1629 1137 ipsius
1652 1063 1784 1122 Atticae
1860 1055 1861 1094 1

550 1187 627 1248 pars
660 1189 718 1248 per
748 1172 873 1234 saeculi
905 1172 1081 1232 dimidium
1112 1172 1371 1235 Atheniensibus
1402 1174 1474 1236 visa
1504 1175 1627 1252 iuerat,
1660 1177 1784 1236 civium

550 1286 672 1347 animis
702 1286 836 1347 omnino
867 1285 1008 1346 mutatis
1039 1285 1181 1347 concidit
1203 1287 1480 1363 quadringentum
1504 1289 1613 1350 virum
1635 1292 1785 1364 potestas

551 1402 627 1474 post
658 1415 793 1462 menses
826 1402 967 1474 quatuor
996 1414 1097 1473 quam
1127 1400 1364 1475 magistratum
1395 1401 1551 1478 inierunt,
1584 1406 1619 1464 et
1649 1417 1785 1464 summa

550 1529 663 1575 rerum
686 1514 794 1575 denuo
816 1513 879 1574 luit
902 1513 1002 1574 in...
1026 1512 1205 1574 Alcibiade.

595 1628 646 1688 Ad
681 1628 794 1688 hostes
828 1627 942 1701 quinto
977 1642 1065 1688 anno
1101 1630 1178 1688 ante
1207 1628 1433 1703 transfugerat
1462 1629 1666 1692 Alcibiades:
1699 1645 1785 1690 nunc

549 1740 757 1816 transfugere
780 1740 942 1801 Pisander
964 1740 1086 1814 aliique
1110 1741 1290 1816 optimates
1313 1743 1457 1818 plurimi.
1480 1743 1521 1804 Et
1543 1743 1787 1804 humanissime
1860 1813 1861 1842 ¹

551 1854 661 1916 hercle
680 1855 805 1929 recepti
823 1857 903 1915 sunt
921 1854 955 1914 in
970 1857 1083 1914 castra
1094 1854 1410 1930 Peloponnesiorum
1422 1855 1595 1918 Deceleam
1608 1857 1643 1916 in
1656 1857 1786 1916 Atticae

550 1968 672 2029 tinibus
694 1968 927 2029 obtinentium.
947 1967 1044 2029 Unus
1063 1985 1081 2029 e
1102 1969 1196 2030 bonis
1215 1969 1281 2030 illis
1301 1970 1395 2046 viris,
1416 1971 1785 2055 Aristarchuspraetor,
1860 1943 1861 1948 ἵ

551 2083 683 2144 Oenoen
708 2082 882 2143 castellum
902 2082 1037 2143 Boeotis
1058 2083 1217 2158 prodidit;
1240 2117 1280 2126 -
1301 2085 1335 2144 et
1353 2082 1431 2145 huic
1449 2083 1786 2157 certabaudimpune

550 2198 583 2258 id
613 2196 705 2258 abiit.
736 2196 847 2258 Etiam
870 2196 1149 2272 Archeptolemus
1172 2200 1206 2258 et
1228 2197 1396 2272 Antiphon
1420 2197 1561 2259 Athenis
1595 2199 1629 2257 in
1652 2196 1787 2256 vincula

550 2313 631 2373 sunt
650 2311 803 2388 coniecti,
824 2311 1060 2387 perduellionis
1080 2311 1218 2373 crimine
1237 2313 1346 2388 petiti,
1368 2311 1486 2387 eapitis
1504 2312 1670 2384 damnati;
1684 2311 1785 2384 Phry·

551 2426 670 2486 nichus
693 2426 761 2487 iam
781 2428 880 2486 antea
898 2427 1013 2500 utpote
1032 2426 1180 2501 proditor
1198 2426 1457 2487 scelestissimus
1475 2427 1509 2486 in
1528 2425 1598 2485 foro
1618 2439 1639 2484 a
1657 2425 1786 2485 sicariis

551 2540 660 2600 iuerat
690 2539 872 2600 confossus.
905 2538 1039 2600 cautior
1062 2538 1114 2600 his
1139 2540 1172 2599 et
1194 2541 1344 2615 sagacior
1367 2539 1605 2615 Theramenes,
1628 2539 1685 2612 qui
1708 2553 1784 2599 cum

551 2653 755 2728 Antiphonte
780 2655 814 2714 et
835 2652 996 2713 Pisandro
1015 2653 1064 2714 rei
1083 2652 1233 2728 publicas
1253 2655 1379 2714 statum
1399 2652 1589 2728 popularem
1603 2654 1785 2724 everterat,

551 2767 752 2842 tempestive
784 2766 923 2827 consilia
953 2766 1000 2827 ita
1030 2767 1175 2828 mutavit
1204 2770 1242 2827 ut
1271 2767 1434 2828 Alcibiadi
1457 2766 1585 2827 amicus
1607 2765 1713 2840 fleret,
1743 2799 1783 2808 -

550 2881 681 2942 tamdiu
704 2894 883 2941 mansurus
906 2882 1063 2954 quamdiu
1088 2897 1105 2942 e
1128 2897 1164 2942 re
1187 2897 1249 2942 sua
1272 2881 1408 2943 duceret
1431 2881 1517 2942 hanc
1539 2879 1733 2941 amicitiam.

597 2995 800 3058 Alcibiadem
830 2995 1091 3056 Atheniensibus
1114 2997 1246 3069 gratum
1270 2996 1376 3058 denuo
1398 2996 1522 3057 iecerat
1544 2995 1684 3055 foederis
1707 3010 1784 3055 cum
1859 3012 1860 3089 ]

550 3126 627 3186 rege
661 3110 838 3171 Persarum
872 3108 1008 3170 ineundi
1049 3124 1135 3185 spes.
1170 3110 1253 3169 Nam
1285 3108 1356 3171 ileri
1385 3125 1482 3185 posse
1512 3112 1550 3170 ut
1579 3110 1649 3168 suis
1679 3108 1784 3167 etiam

552 3224 677 3284 viribus
696 3226 890 3299 superarent
912 3223 1132 3299 adversarios,
1158 3224 1191 3284 id
1212 3239 1253 3284 ne
1272 3224 1354 3299 ipsis
1373 3223 1505 3297 quidem
1525 3222 1678 3283 credibile
1698 3222 1787 3282 vide·

551 3338 657 3399 batur.
688 3340 734 3399 At
762 3352 827 3397 non
857 3337 921 3399 soli
950 3337 991 3397 ad
1019 3336 1276 3398 mendicandum
1299 3338 1452 3413 propensi
1476 3339 1570 3398 erant
1592 3336 1656 3396 illi:
1682 3336 1786 3396 etiam

553 3452 738 3528 Spartiatae
768 3451 940 3512 inhiabant
962 3466 1043 3512 auro
1066 3450 1295 3529 barbarorum,
1321 3455 1355 3512 et
1377 3451 1545 3513 Alcibiade
1569 3452 1788 3523 quantumvis

552 3567 663 3627 astuto
691 3564 860 3639 Lysander
885 3565 1085 3625 astutiorem
1108 3580 1146 3626 se
1168 3564 1345 3640 praestitit.
1368 3566 1463 3625 Anno
1487 3564 1576 3624 enim
1600 3565 1666 3623 409
1689 3563 1787 3624 Lace

552 3679 717 3740 daemonii
740 3694 815 3740 cum
838 3677 1038 3753 legationem
1063 3678 1148 3739 Susa
1166 3678 1340 3739 misissent
1360 3682 1392 3739 et
1415 3678 1528 3752 presse
1548 3676 1652 3737 secuti
1672 3682 1786 3737 essent

552 3794 652 3868 legati
671 3792 938 3868 Atheniensium,
961 3792 995 3852 in
1015 3792 1092 3853 aula
1109 3791 1242 3853 Persica
1260 3792 1423 3853 eiusmodi
1434 3791 1553 3852 initum
1567 3794 1618 3851 est
1630 3790 1788 3851 adulandi

552 3909 736 3982 certamen,
767 3905 864 3979 quale
895 3905 976 3965 illud
1002 3906 1066 3965 fuit
1088 3906 1175 3979 quod
1199 3906 1278 3967 olim
1302 3906 1336 3966 in
1359 3905 1487 3981 pulpito
1510 3904 1636 3965 comico
1659 3906 1786 3979 specta·

550 4018 677 4079 toribus
707 4020 897 4080 ostenderat
926 4011 1174 4094 Aristophanes.
1203 4019 1287 4079 Nam
1316 4017 1593 4092 quemadmodum
1619 4016 1729 4077 Bullio
1753 4022 1787 4078 et

551 4132 715 4193 isiciarius
737 4132 805 4193 illic
827 4132 951 4209 Populo
976 4134 1050 4193 seni
1069 4133 1201 4209 stupido
1221 4132 1429 4193 munusculis
1448 4135 1481 4193 et
1499 4131 1675 4207 promissis
1695 4130 1788 4192 lalla-

552 4245 644 4307 cibus
674 4245 963 4321 impudentissime
993 4246 1181 4323 suppalpati
1211 4247 1306 4321 sunt,
1330 4246 1378 4306 sic
1401 4260 1489 4305 nunc
1511 4244 1611 4319 legati
1633 4246 1787 4319 gentium

551 4360 586 4420 in
611 4360 747 4420 Graecia
769 4360 954 4436 principum
979 4360 1108 4421 callidis
1130 4359 1307 4420 verborum
1330 4357 1478 4419 artificiis
1498 4359 1671 4419 tentarunt
1694 4360 1789 4418 senis

552 4476 700 4534 mentem
723 4472 823 4533 Darii.

597 4586 686 4662 Quod
710 4587 738 4647 si
763 4586 1021 4647 Atheniensibus
1043 4586 1126 4646 hene
1146 4586 1303 4646 cessisset
1321 4599 1387 4661 res,
1407 4584 1570 4645 Alcibiadi
1588 4585 1673 4659 apud
1693 4586 1788 4646 cives

552 4714 638 4760 nova
672 4701 706 4760 et
739 4697 836 4758 firma
869 4699 981 4758 stabat
1011 4700 1134 4775 gratia,
1150 4698 1353 4759 ...necdum
1385 4712 1479 4772 spem
1511 4698 1698 4771 tyrannidis
1728 4699 1787 4760 ille

552 4814 725 4874 abiecerat.
746 4811 808 4872 Sed
828 4813 935 4886 magis
954 4813 1038 4873 iavit
1056 4812 1189 4873 fortuna
1201 4813 1391 4889 Spartiatis,
1408 4813 1464 4885 qui
1476 4810 1599 4885 cyrum
1611 4812 1785 4889 iuvenem,

441 4971 500 5030 b..
