4067 5950
567 786 633 851 208
1086 800 1128 847 on
1150 798 1280 849 urrais.

567 973 717 1050 quintum
735 989 802 1036 non
820 972 1018 1035 admittebat
1036 972 1224 1049 tragoedia;
1244 974 1389 1036 comicos
1408 990 1486 1037 vero
1504 976 1591 1038 hanc
1610 975 1717 1053 legem
1733 992 1788 1038 nou

567 1103 701 1152 curasse
730 1088 858 1164 primus
887 1086 1006 1148 statim
1029 1086 1157 1162 primae
1179 1101 1265 1163 quae
1287 1088 1328 1150 ad
1351 1103 1412 1150 nos
1435 1090 1588 1165 pervenit
1612 1092 1790 1153 comoediae

568 1203 833 1279 Aristophaneus
856 1202 952 1263 docet
974 1214 1111 1262 versus:

791 1312 847 1375 ὅσα
870 1311 910 1391 δὴ
932 1309 1079 1393 δέδηγμαι
1102 1309 1157 1390 τὴν
1182 1310 1259 1392 &pov
1278 1313 1284 1394 1
1305 1322 1359 1375 τοῦ
1382 1337 1440 1395 nup
1461 1313 1466 1394 Ι
1486 1316 1557 1377 δίαν
1574 1312 1608 1390 ¹).

611 1430 781 1507 neopum
814 1427 992 1505 spernebat
1014 1444 1074 1505 pes
1095 1428 1225 1505 quintus
1248 1428 1393 1491 trimetri
1415 1431 1545 1509 tragici,
1571 1432 1658 1508 apud
1678 1433 1792 1494 Aristo

567 1545 711 1621 pbanem
733 1544 791 1606 illa
813 1543 891 1606 sede
914 1542 1069 1617 dactylus
1092 1542 1180 1605 haud
1203 1543 1252 1605 ita
1275 1558 1350 1605 raro
1372 1544 1546 1620 reperitur.

612 1719 764 1796 syllabae
786 1720 935 1795 coaptes
953 1719 1071 1796 poetae
1087 1719 1204 1795 negiu
1223 1735 1282 1796 pro
1305 1720 1414 1797 longis
1432 1736 1671 1799 nonnunquam
1695 1724 1793 1800 prisco

568 1849 659 1895 more
674 1833 906 1910 adhibuerunt,
920 1868 961 1878 -
974 1835 1082 1895 metro
1094 1832 1287 1909 plerumque
1300 1836 1414 1911 coacti,
1431 1870 1472 1880 -
1486 1850 1656 1911 uunquam
1672 1839 1793 1911 comici,

567 1947 632 2008 nisi
654 1948 689 2009 in
712 1948 861 2023 tragicae
883 1948 936 2009 vei
959 1948 1083 2022 lyricae
1106 1947 1160 2009 rel
1184 1947 1297 2024 epioae
1321 1947 1476 2010 dictionis
1498 1950 1699 2012 imitatione.
1857 2004 1858 2069 ᾖ

611 2124 728 2187 Hiatus
758 2124 867 2185 nullos
895 2122 1032 2185 admisit
1061 2124 1245 2199 tragoedia,
1270 2123 1440 2186 comoedia
1462 2125 1599 2186 admisit
1622 2160 1662 2170 -
1689 2129 1794 2202 utpote

567 2240 774 2302 necessarios
799 2272 838 2283 -
863 2240 939 2314 post
961 2235 1002 2315 ci,
1025 2234 1083 2314 do,
1105 2235 1186 2316 περί,
1208 2236 1343 2314 perinde
1366 2240 1466 2313 atque
1484 2252 1595 2301 sermo
1614 2239 1793 2301 familiaris.

567 2355 677 2416 Etiam
708 2354 892 2415 locutiones
914 2341 948 2411 εὖ
971 2350 1049 2428 ἴσθι,
1071 2340 1105 2410 εὖ
1129 2343 1208 2429 older,
1235 2342 1260 2411 ὦ
1283 2343 1385 2429 οὗτος,
1407 2342 1432 2411 ὦ
1458 2346 1625 2430 Ἡράκλεις,
1648 2350 1724 2414 οὐδὲ
1747 2346 1794 2428 εἷς,
1856 2420 1857 2425 ¹

568 2464 640 2528 οὐδὲ
673 2465 705 2529 ἕν
739 2470 856 2544 poetae
887 2466 1006 2527 comici
1037 2480 1055 2526 e
1086 2466 1156 2526 vita
1185 2465 1376 2540 quotidiana
1405 2466 1659 2542 desumserunt;
1692 2467 1796 2542 qualia

568 2582 669 2643 vitari
691 2597 757 2643 non
777 2582 931 2658 poterant
950 2580 1015 2640 nisi
1036 2580 1183 2641 oratione
1203 2578 1412 2641 artificiosius
1431 2583 1560 2642 structa
1571 2584 1670 2656 atque
1681 2582 1796 2643 fucata.
1856 2580 1857 2669 j

612 2695 722 2757 libiam
739 2694 773 2755 in
789 2693 928 2769 syllabis
939 2691 1074 2769 etiamne,
1098 2693 1268 2770 opboercei,
1294 2696 1387 2771 eruat
1406 2695 1540 2771 sperwere?
1555 2696 1795 2771 supprimendis

568 2808 675 2871 multo
705 2808 830 2870 maiore
860 2807 1014 2869 libertate
1046 2822 1108 2868 usa
1130 2810 1182 2868 est
1205 2822 1259 2867 ars
1282 2810 1454 2882 poetarum
1478 2809 1678 2870 comicorum
1702 2822 1794 2882 quam

567 2922 782 3000 tragicorum.
814 2922 868 2985 Sic
899 2936 1020 2984 sonum
1053 2918 1186 2983 finalem
1214 2943 1259 2981 -αι
1283 2922 1451 2998 tragoedia
1473 2921 1610 2984 elisione
1634 2936 1795 2998 nunquam

568 3038 766 3115 suppressit,
799 3052 897 3113 saepe
928 3051 1007 3097 vero
1039 3036 1209 3097 comoedia
1239 3069 1281 3080 -
1305 3038 1344 3097 ut
1367 3036 1449 3111 epici
1472 3038 1589 3113 poetae
1613 3070 1655 3080 -
1680 3037 1715 3097 in
1737 3040 1793 3098 ter·

568 3153 670 3213 minis
693 3150 891 3213 modialibus
913 3172 983 3228 -μαι
1005 3171 1068 3209 -ται
1090 3153 1179 3209 -σθαι
1194 3142 1227 3219 ²).

614 3265 684 3327 Non
709 3265 840 3327 eliditur
863 3262 993 3340 syllaba
1015 3284 1059 3322 -οι
1081 3263 1146 3323 nisi
1168 3263 1202 3323 in
1226 3263 1409 3324 locutione:
1434 3256 1546 3341 οἴμ’(οι)
1569 3254 1696 3335 ὡς...]
1711 3257 1733 3335 ³)

614 3438 739 3501 comici
760 3439 863 3515 igitur
885 3439 1032 3500 trimetri
1055 3438 1192 3499 schema
1214 3437 1277 3498 hoc
1300 3440 1367 3498 est:

614 3871 797 3933 Trimetros
826 3869 909 3930 duos
932 3868 1050 3945 tragici
1074 3871 1190 3944 poetae
1212 3882 1450 3943 nonnunquam
1473 3869 1620 3931 interae
1644 3871 1792 3945 ligarunt,

570 3987 605 4047 in
628 3985 721 4048 exitu
744 3983 863 4058 prioris
887 3983 1048 4045 collocata
1069 3982 1314 4059 praepositione
1337 3983 1391 4044 vel
1413 3983 1553 4046 articulo
1575 3982 1629 4044 vei
1653 3985 1793 4045 coniuno·

604 4241 625 4305 ¹)
642 4244 699 4301 Quo
715 4242 812 4290 indicio
827 4237 940 4291 trimetri
956 4240 1078 4300 quidam,
1096 4251 1162 4298 quos
1175 4239 1291 4287 eominus
1306 4238 1339 4286 sd
1353 4239 1469 4298 tragicae
1482 4239 1546 4288 artis
1554 4237 1731 4288 imitationem
1740 4251 1794 4286 eon-

571 4325 643 4384 ieoit,
656 4323 776 4382 dignosci
785 4324 896 4383 possunt
904 4334 919 4367 a
927 4318 1056 4368 trimetris
1065 4332 1131 4380 quos
1140 4333 1154 4366 e
1163 4319 1307 4378 tragoediis
1317 4316 1408 4365 attulit
1417 4320 1547 4378 integros;
1561 4320 1596 4367 oi.
1606 4333 1628 4367 e.
1638 4333 1664 4379 g.
1673 4320 1735 4368 th.
1745 4319 1796 4365 tiu.

605 4399 627 4462 ¹)
641 4403 727 4449 Etiam
742 4417 794 4448 -σαι
806 4400 938 4448 seonndae
952 4413 1079 4460 personae
1094 4399 1222 4446 terminus
1231 4410 1418 4456 nonnunquam
1430 4396 1544 4456 eliditur,
1553 4411 1604 4446 non
1613 4395 1796 4447 veroiniinitiri

571 4480 649 4528 activi
670 4481 777 4528 termini
798 4498 848 4527 -ναι
870 4479 912 4527 vel
934 4494 986 4525 -σαι
1010 4475 1073 4538 (nisi
1094 4478 1121 4524 in
1138 4474 1212 4525 obori
1229 4474 1350 4524 versibus
1366 4474 1520 4537 Eupolideis
1536 4478 1604 4526 Nub.
1621 4478 1671 4526 bid
1688 4481 1716 4526 et
1733 4474 1795 4534 dbd).

570 4561 644 4609 Unde
661 4562 779 4618 arguitur
795 4560 887 4606 vilium
904 4559 950 4605 AV.
969 4557 1034 4604 1840
1051 4556 1211 4616 ψιυδαγγιλὴς
1228 4551 1267 4603 sle’
1286 4557 1337 4616 leg.
1356 4557 1555 4616 ψιυδαγγιλὴσιιν
1571 4555 1713 4617 (Bentley).

604 4637 624 4699 ι)
641 4640 703 4688 Aob.
722 4639 779 4694 beo,
799 4638 862 4685 lll'i
877 4640 941 4694 eto.;
959 4636 1072 4683 fortasse
1087 4637 1166 4683 etiam
1181 4654 1221 4694 μοι
1235 4635 1314 4682 verbo
1329 4637 1438 4698 ἀρέσκων
1449 4635 1601 4684 adiunctum
1610 4632 1657 4696 (oi.
1667 4636 1742 4695 vesp.
1752 4633 1794 4680 'iii

571 4721 635 4768 Bau.
655 4717 724 4777 1⁰8).

604 4795 626 4861 ⁴)
644 4799 757 4848 Ultimus
773 4794 887 4845 trimetri
902 4808 950 4857 pes
967 4795 1048 4842 salvis
1061 4795 1176 4841 numeris
1190 4793 1256 4842 solvi
1270 4806 1321 4841 non
1335 4795 1435 4854 potuit;
1449 4795 1499 4842 iooi
1514 4797 1602 4841 tamen
1612 4793 1794 4841 oausasoiutns

573 4882 615 4926 esi
631 4879 695 4926 Bau.
715 4878 789 4924 12⁰8.
