4067 5950
559 751 621 811 122
1076 769 1118 814 nn
1141 769 1265 814 Porrus

602 971 643 982 -
670 938 774 1015 „Quin
796 941 898 1014 igitur
919 943 959 1002 tu
981 941 1222 1018 aliquantisper
1246 942 1317 1017 agis
1339 941 1517 1004 Herculem
1525 944 1563 1003 ?’'

601 1051 654 1113 Fit
682 1054 903 1128 permutatim
935 1055 1078 1116 sarcinis
1101 1054 1248 1130 Dionyso
1271 1055 1404 1116 traditis
1426 1053 1596 1128 Xanthias
1618 1055 1701 1130 pelle
1727 1056 1792 1116 leo-

556 1166 635 1227 nina
667 1166 865 1240 quantocius
898 1182 935 1228 se
969 1167 1087 1230 induit.
1123 1168 1164 1229 ut
1195 1169 1353 1230 festinato
1382 1167 1446 1230 luit
1476 1183 1570 1245 opus,
1603 1183 1681 1229 nem
1712 1183 1793 1229 ecce

555 1279 702 1355 aperitur
725 1278 833 1341 denuo
857 1280 983 1343 ostium
998 1326 1006 1343 .
1022 1327 1029 1343 .
1045 1326 1052 1343 .
1066 1280 1233 1357 Dionysus
1257 1283 1333 1358 post
1356 1281 1446 1343 servi
1468 1283 1604 1357 tergum
1627 1297 1663 1342 se
1684 1281 1793 1356 abdit,

555 1392 611 1453 ille
635 1395 747 1455 autem
771 1392 902 1471 fortiter
924 1394 995 1457 solo
1021 1395 1151 1457 innisus
1175 1395 1305 1458 clavam
1329 1394 1433 1472 tollit,
1458 1395 1500 1456 ad
1523 1395 1689 1469 quoslibet
1707 1396 1793 1455 sica·

556 1509 622 1568 rios
656 1506 814 1570 beluasve
856 1502 1007 1570 infernas
1042 1508 1295 1571 contundendas
1329 1509 1574 1585 paratissimus.
1610 1509 1795 1571 Prodit...

557 1621 678 1682 ancilla
701 1622 890 1683 venustula.
915 1622 1040 1698 Nempe
1069 1622 1265 1685 mulieribus
1288 1625 1444 1697 acceptus
1467 1637 1598 1698 semper
1621 1621 1686 1682 init
1708 1622 1792 1682 Her·

557 1734 665 1808 cules;
701 1749 800 1810 quem
836 1749 913 1796 cum
944 1735 1144 1812 Proserpina
1174 1737 1273 1798 modo
1304 1735 1467 1799 audiisset
1496 1736 1537 1796 ad
1560 1737 1668 1812 ipsam
1692 1736 1794 1796 mari·

557 1849 696 1921 tumque
720 1848 877 1909 visendos
900 1847 1035 1925 adesse,
1070 1849 1247 1911 confestim
1271 1848 1401 1926 amplas
1421 1848 1522 1924 dapes
1544 1850 1655 1925 parari
1678 1849 1794 1930 iussit,

557 1961 691 2035 iamque
721 1961 755 2021 ln
786 1976 904 2022 cenam
936 1977 1012 2022 eum
1044 1965 1152 2025 vocat.
1184 1963 1321 2024 Praesto
1346 1964 1425 2024 sunt
1447 1962 1549 2040 pultis
1571 1962 1700 2036 aliquot
1720 1977 1792 2022 am·

558 2075 681 2149 phorae
712 2076 747 2134 et
776 2074 836 2135 bos
866 2078 1002 2136 assatus
1033 2078 1067 2136 et
1096 2076 1232 2151 panium
1255 2074 1485 2150 placentarum
1509 2075 1622 2136 avium
1646 2075 1793 2150 piscium

557 2186 769 2248 bellariorum
793 2190 957 2261 quantum
980 2187 1116 2250 Herculi
1139 2188 1225 2249 satis
1249 2189 1296 2249 sit
1322 2187 1484 2250 futurum.
1509 2221 1550 2232 -
1578 2188 1672 2264 „Huc
1693 2188 1794 2249 modo

561 2315 732 2378 „sequere,
764 2301 888 2376 optime
912 2302 1088 2363 Hercules!
1113 2303 1186 2364 lam
1210 2301 1332 2364 dudum
1357 2303 1511 2378 expectat
1534 2302 1671 2362 domina
1692 2302 1794 2362 laetis

561 2413 688 2490 „epulis
710 2415 924 2491 exceptura.”

602 2528 770 2589 Xanthiae
802 2543 868 2590 non
898 2528 1053 2605 displicet
1082 2545 1151 2590 res:
1177 2532 1329 2591 actutum
1352 2546 1389 2591 se
1412 2529 1524 2592 adfore
1548 2530 1604 2590 ait.
1629 2528 1694 2589 Sed
1717 2528 1792 2589 Dio-

559 2658 663 2717 nysus
692 2658 757 2704 non
782 2643 830 2704 sic
857 2643 967 2704 visum
994 2644 1104 2704 docet:
1129 2645 1215 2705 serio
1238 2645 1322 2705 nihil
1345 2647 1472 2722 actum,
1498 2645 1643 2705 iocatum
1668 2658 1723 2717 se;
1739 2689 1746 2704 .
1763 2687 1792 2702 ..

560 2755 656 2832 pellis
686 2758 720 2816 el
744 2756 841 2817 clava
864 2756 1061 2818 reddendae.
1087 2756 1178 2832 Quod
1201 2758 1390 2833 improbum
1414 2757 1486 2818 heri
1509 2755 1688 2818 eonsilium
1709 2755 1794 2815 indi-

558 2872 680 2944 gnatus
704 2885 823 2930 servus

604 3017 644 3027 -
672 2983 740 3059 „En
764 2985 875 3060 accipe
898 2985 1041 3060 igiturl”

559 3097 695 3174 clamat,
738 3098 813 3158 dein
851 3098 999 3159 sarcinis
1041 3099 1201 3159 resumtis
1238 3114 1353 3161 secum
1385 3099 1589 3160 mussitans:
1627 3096 1795 3173 „fortasse

561 3214 696 3286 „tamen
727 3210 791 3271 erit
821 3226 897 3272 cum
925 3212 1183 3273 contemtissimi
1213 3212 1352 3274 huiusce
1374 3212 1533 3287 mancipii
1556 3210 1665 3286 opella
1686 3211 1793 3271 etiam

561 3324 731 3400 „indigeas
741 3326 772 3385 l”

604 3438 644 3498 Et
666 3440 720 3499 sat
743 3438 809 3500 cito
832 3454 890 3514 par
913 3440 984 3514 pari
1008 3439 1151 3500 refertur
1174 3438 1331 3513 Dionyso.
1352 3439 1436 3501 Nam
1460 3438 1671 3515 priusquam
1692 3438 1796 3498 aedes

560 3553 683 3612 intrare
713 3552 837 3633 potuit,
870 3552 993 3612 adsunt
1024 3552 1130 3612 iuriae
1164 3551 1366 3627 suburanae‚
1398 3566 1479 3625 quas
1510 3551 1632 3612 ianitor
1655 3551 1795 3612 advoca-

559 3670 674 3726 turum
698 3681 734 3727 se
758 3668 811 3727 est
834 3667 994 3727 minatus.
1018 3666 1143 3742 Nempe
1167 3666 1330 3740 genuinus
1353 3665 1514 3727 Hercules
1537 3669 1623 3743 tum,
1650 3679 1727 3726 cum
1753 3666 1795 3725 ab

559 3762 674 3840 inferis
696 3778 808 3855 rediit,
833 3794 1003 3854 cauponae
1028 3780 1161 3840 cuidam
1184 3794 1341 3840 nummos
1363 3780 1492 3841 solvere
1516 3780 1674 3855 neglexit.
1704 3778 1796 3854 Quae

560 3892 741 3968 comitante
764 3891 885 3952 ancilla
908 3892 975 3952 iam
1000 3894 1098 3966 urget
1121 3892 1303 3953 debitorem
1327 3893 1586 3955 iraudulentum.

604 4006 760 4080 Impense
783 4004 907 4079 gaudet
929 4004 1115 4065 Xanthias:
1146 4007 1203 4082 „In
1226 4006 1353 4067 malum
1377 4022 1413 4066 se
1436 4007 1545 4067 induit
1566 4006 1737 4081 quidam.’‘

607 4152 647 4162 -
674 4118 852 4194 „Eccillum
876 4119 1092 4195 nebulonem,
1115 4120 1171 4192 qui
1194 4123 1274 4181 tunc
1292 4120 1326 4181 in
1350 4120 1540 4183 deversorio
1562 4122 1678 4181 nostro
1701 4120 1795 4182 sede·

563 4233 648 4309 „eim
670 4232 747 4292 illos
770 4247 874 4307 panes
897 4232 1106 4295 devoravit.”

605 4380 648 4388 —
675 4347 747 4423 „Ita
769 4348 866 4407 sanel
882 4390 889 4407 .
905 4390 934 4406 ..
957 4345 999 4405 llt
1023 4348 1135 4406 costas
1158 4345 1275 4407 suillas
1298 4348 1450 4421 viginti.’'

606 4493 649 4501 —
672 4461 737 4536 „At
769 4460 905 4537 deliras,
941 4476 960 4521 o
994 4460 1120 4521 bonal”
1153 4460 1277 4521 clamat
1307 4460 1490 4537 Dionysus,
1524 4462 1641 4536 quippe
1668 4461 1796 4521 nullius

562 4573 679 4649 eulpae
703 4573 765 4633 sibi
789 4574 953 4635 conscius.

607 4720 648 4729 -
676 4688 822 4762 „Siccine
846 4703 924 4749 vero
948 4687 1117 4748 abiturum
1137 4686 1196 4746 tibi
1216 4688 1339 4763 putas?
1362 4688 1488 4766 Nempe
1508 4688 1679 4750 cothurnis
1697 4688 1795 4751 indu-

565 4804 657 4877 „tum
681 4815 747 4861 non
771 4801 984 4876 agnitorem?
1008 4802 1090 4877 Quid
1115 4804 1228 4862 autem
1252 4802 1395 4878 plurima
1419 4805 1486 4866 ista
1508 4805 1764 4867 salsamenta?”
