4067 5950
702 804 782 848 vrrs
803 803 844 850 nr
866 803 1037 850 ornamus.
1423 791 1483 850 111

251 978 464 1053 pulcriusque
494 979 652 1039 excrevit.
677 977 909 1039 Acharnenses
931 977 1078 1038 fabulam
1102 977 1132 1036 si
1154 975 1296 1038 dicimus
1318 991 1489 1052 gemmam

253 1093 423 1154 matutino
456 1092 641 1153 iuventutis
675 1107 748 1152 rore
783 1091 920 1153 uvidum
951 1090 1103 1164 laetaque
1133 1105 1191 1166 ape
1220 1092 1423 1168 turgentem,
1455 1093 1491 1151 at

252 1206 346 1266 Aves
379 1209 414 1268 et
448 1206 623 1267 Mulierum
657 1205 842 1267 Divortium
878 1207 912 1265 et
940 1205 1302 1279 Thesmophoriazusae
1332 1208 1491 1266 vocantor

252 1321 339 1380 artis
370 1321 517 1382 comicae
547 1319 645 1383 ilores
674 1320 896 1396 integerrimi,
927 1320 968 1379 ad
991 1319 1072 1380 solis
1095 1319 1270 1380 meridiani
1292 1319 1403 1380 radios
1425 1320 1491 1382 late

252 1434 397 1508 expansi
430 1434 616 1508 viridisque
651 1433 814 1494 coloribus
848 1434 967 1495 ornati.
1000 1433 1073 1493 Non
1107 1433 1215 1508 potuit
1247 1435 1344 1509 poeta
1377 1435 1491 1494 noster

253 1550 358 1609 etiam
384 1549 512 1609 maiora
535 1550 678 1623 assequi.

748 1758 752 1764 ⁵
827 1803 915 1865 vm.

298 2006 388 2066 Dum
411 2005 585 2066 Mulierum
604 2005 791 2068 Divortium
811 2008 846 2068 61
868 2006 1232 2083 ’116616661611666666
1252 2006 1383 2069 1616166
1401 2008 1491 2068 doce·

253 2120 377 2181 bantur
412 2121 446 2181 in
478 2120 659 2182 6611616166
689 2120 821 2182 6666166
850 2136 930 2182 mox
961 2121 1236 2198 committendae,
1268 2121 1410 2184 Athenis
1436 2123 1492 2213 qui

252 2250 369 2294 rerum
400 2248 562 2296 novarum
591 2233 734 2296 studiosi
761 2237 856 2296 erant
877 2235 1030 2296 homines
1053 2235 1185 2296 factiosi
1208 2235 1347 2296 minime
1370 2237 1491 2309 requie·

254 2350 392 2424 verunt,
424 2349 458 2409 et
486 2351 562 2424 post
591 2363 726 2410 menses
745 2350 966 2425 paucissimos
989 2365 1028 2411 eo
1050 2365 1115 2423 quo
1137 2350 1261 2411 dudum
1284 2350 1494 2411 tetenderant

253 2478 438 2538 pervenere
468 2463 616 2524 tandem.
645 2463 789 2525 Senatus
812 2465 984 2541 dimissus,
1011 2465 1186 2526 conciones
1208 2461 1368 2540 sublatae,
1393 2479 1493 2538 penes

253 2578 363 2638 bonos
385 2577 475 2638 viros
498 2578 754 2654 quadringentos
777 2595 878 2641 omne
900 2579 964 2641 1611
988 2579 1135 2642 civitatis
1157 2579 1343 2641 arbitrium.

302 2691 392 2766 Quae
404 2707 514 2753 rerum
538 2694 709 2755 conversio
732 2696 857 2768 quanta
879 2693 1008 2755 laetitia
1030 2693 1197 2755 affecisset
1220 2693 1491 2771 Aristophanem,

252 2806 284 2866 si
309 2808 383 2866 tam
406 2806 565 2869 candidus
587 2823 685 2882 quam
705 2808 785 2870 olim
804 2809 836 2870 ei
854 2809 1035 2870 mansisset
1053 2809 1202 2870 animus!
1223 2806 1381 2870 Heracliti
1392 2808 1494 2882 igitur

252 2921 383 2983 dictum
414 2921 511 2984 illud:
547 2922 616 2999 ,bls
639 2922 780 2986 eundem
810 2922 950 2986 fluvium
980 2923 1099 2985 intrari
1121 2937 1187 2985 non
1206 2924 1326 3000 posse”
1350 2921 1491 2985 (161616-

252 3035 347 3110 poris
371 3038 459 3097 certe
480 3036 581 3098 iluvio
605 3052 670 3098 non
690 3038 816 3114 valere,
837 3052 913 3099 ecoe
932 3039 1022 3099 enim
1041 3036 1147 3098 redire
1166 3052 1288 3097 aevum
1301 3037 1492 3114 Soloneum,

254 3151 398 3226 Spartae
409 3152 518 3227 appeti
530 3152 639 3212 denuo
652 3151 879 3229 sodalitatem,
893 3153 997 3213 maris
1008 3150 1195 3212 dominium
1207 3150 1321 3213 minus
1333 3152 1493 3213 curari...

303 3266 369 3327 Sed
396 3267 557 3343 virorum,
589 3280 673 3339 quos
694 3265 1004 3342 praestantissimos
1026 3265 1235 3326 Athenarum
1258 3262 1345 3326 illios
1368 3266 1493 3327 Aristo·

253 3381 387 3456 phanes
415 3380 494 3442 olim
521 3381 676 3458 duxerat,
700 3380 814 3442 minus
836 3381 904 3441 lam
928 3380 1085 3441 valebant
1109 3378 1139 3439 ei
1160 3378 1261 3440 verba
1283 3378 1493 3456 grandisona,

254 3497 291 3557 et
326 3495 453 3571 patriae
486 3494 542 3555 1116
571 3509 666 3556 amor
695 3493 880 3555 cuiusmodi
912 3496 1003 3555 esset
1033 3492 1134 3554 nimis
1164 3491 1246 3553 bene
1269 3494 1493 3568 perspexerat.

253 3609 357 3670 Pacis
379 3623 461 3669 sane
483 3611 518 3670 et
540 3607 733 3669 concordiae
756 3622 856 3682 quam
881 3608 1031 3668 maxime
1055 3607 1163 3668 etiam.
1178 3609 1250 3668 erat
1268 3610 1440 3683 appetens,
1461 3610 1496 3667 et

255 3738 366 3798 nuper
394 3722 498 3783 talem
521 3738 558 3783 se
581 3722 794 3797 praestiterat
824 3723 859 3784 ln
889 3722 1067 3783 Mulierum
1090 3721 1249 3783 Divortio.
1273 3720 1389 3795 Itaque
1411 3735 1494 3795 quae

254 3837 306 3897 rei
330 3835 481 3913 publicae
505 3837 648 3898 mutatio
673 3852 790 3912 pacem
812 3837 988 3898 reductura
1011 3834 1191 3911 dicebatur,
1216 3849 1283 3895 non
1306 3836 1401 3909 grata
1423 3849 1496 3895 esse

255 3951 288 4011 ei
312 3965 381 4011 non
404 3950 527 4025 potuit;
547 3965 654 4023 neque
671 3948 880 4025 improbabat
897 3949 1008 4025 populi
1026 3948 1061 4010 in
1082 3948 1220 4009 civitate
1231 3947 1495 4008 administranda
1560 4027 1564 4037 .

253 4066 462 4140 potestatem
496 4064 725 4125 imminutam.
761 4062 824 4124 Sed
857 4063 995 4123 ducibus
1024 4062 1170 4138 partium
1201 4062 1328 4137 optima
1357 4062 1494 4135 quaevis

253 4178 532 4253 promittentibus
562 4177 707 4239 diffidere
738 4177 895 4238 didicerat
925 4178 959 4237 et
989 4176 1145 4251 Spartam
1169 4174 1243 4236 aliis
1266 4174 1371 4235 oculis
1394 4190 1493 4248 quam

254 4293 339 4354 olim
362 4290 564 4353 intuebatur.
588 4292 705 4366 ltaque
728 4307 795 4352 non
813 4291 940 4353 nimius
958 4290 1024 4351 fuit
1042 4291 1114 4350 eius
1134 4289 1227 4350 dolor
1246 4302 1322 4349 cum
1340 4288 1496 4364 Pelopon·

255 4407 346 4468 nesii
367 4421 467 4467 aures
495 4421 562 4467 non
585 4406 808 4482 praebuerunt
825 4405 961 4482 legatis,
982 4420 1065 4479 quos
1084 4404 1246 4463 miserant
1263 4402 1495 4476 quadringenti

255 4521 333 4581 viri.
357 4521 482 4595 Nempe
513 4520 674 4581 alisiam
705 4522 800 4581 erant
830 4521 981 4594 tempora
1011 4532 1113 4592 quam
1144 4517 1237 4578 brevi
1266 4517 1343 4593 post
1364 4514 1494 4577 Cleonis

256 4634 436 4695 victoriam
466 4633 597 4708 Pyliam
626 4634 769 4695 ruerant.
800 4632 921 4693 Pacem
950 4632 1197 4692 studiosissime
1226 4630 1295 4690 iam
1319 4628 1495 4704 appetebat

256 4746 518 4809 Atheniensium
541 4748 676 4824 civitas,
701 4745 885 4808 renuebant
905 4745 1108 4821 Spartiatae,
1130 4744 1250 4804 iratres
1269 4757 1348 4802 suos
1366 4743 1495 4803 Atticos

256 4861 421 4938 aversati,
446 4860 513 4922 nisi
534 4860 722 4923 durissimis
745 4860 992 4921 condicionibus
1014 4858 1216 4919 conveniret.
