4067 5950
575 768 640 828 994
1012 784 1054 829 nn
1078 784 1187 830 nnxru
1211 784 1364 832 omuino.

618 956 728 1017 Etiam
752 972 800 1016 σοι
825 959 860 1018 et
883 955 922 1017 σύ
946 956 1130 1033 permutari
1153 958 1302 1034 potuisse
1326 974 1392 1021 non
1416 960 1576 1033 estquod
1598 960 1774 1021 hiedemon-

573 1071 710 1132 stretur.
741 1070 778 1132 Ε.
802 1086 834 1146 g.
858 1072 1034 1147 anapaesti
1062 1072 1251 1134 tetrametri
1280 1072 1315 1133 in
1339 1072 1367 1132 V
1391 1076 1425 1135 et
1448 1074 1481 1133 in
1504 1073 1533 1134 Β
1556 1074 1618 1135 boc
1639 1076 1685 1135 est
1705 1089 1774 1135 exor·

575 1184 670 1245 dium
704 1183 805 1260 Vesp.
837 1185 918 1247 678:

819 1296 860 1358 cb
884 1292 914 1358 d'
940 1289 984 1358 ὧν
1007 1295 1107 1379 ἄρχεις
1131 1296 1188 1359 nei.
1212 1301 1392 1376 (sequiturz
1418 1300 1566 1373 δίδωσιν).

577 1411 637 1472 Vel
662 1410 799 1473 Thesm.
824 1411 890 1473 860
913 1412 948 1473 in
971 1412 1001 1472 Β
1024 1411 1163 1489 legitur:

824 1526 862 1586 σύ
892 1520 912 1585 τ’
944 1518 1061 1606 ὦλεθρε
1081 1523 1086 1607 Ι
1107 1524 1205 1607 πατὴρ
1230 1524 1344 1600 ἐκεῖνός
1368 1525 1445 1602 ἐστις

575 1643 611 1703 et
634 1641 711 1703 Pac.
735 1641 820 1701 379:

824 1750 889 1834 ἁγὼ
912 1755 1083 1833 προθύμως
1108 1753 1146 1815 σὺ
1170 1752 1274 1835 φέρων
1298 1753 1465 1834 ἀφικόμην.

621 1870 727 1945 Magis
750 1870 913 1931 miramur
936 1868 1070 1934 Thesm.
1097 1872 1162 1932 995
1187 1871 1280 1933 chori
1298 1871 1467 1932 Bacchum
1487 1872 1673 1934 invocantis
1690 1869 1783 1930 verba:

821 1980 901 2060 ἀμφὶ
925 1979 959 2043 δὲ
978 1981 1026 2044 σοὶ
1049 1989 1204 2045 κτυπεῖται
1225 1984 1436 2065 Κιθαιρώνιος
1455 1980 1536 2064 Ἠχώ

575 2099 610 2159 in
634 2097 663 2158 Β
686 2098 734 2159 sic
759 2099 901 2174 scripta:

822 2209 902 2288 ἀμφὶ
926 2208 959 2273 δὲ
982 2211 1050 2272 συῒ
1069 2218 1236 2291 κτυπεῖται,

576 2329 610 2387 et
641 2328 818 2401 stupemus
848 2326 942 2387 illam
972 2326 1121 2388 scrofam
1145 2343 1211 2388 non
1233 2327 1343 2389 solum
1369 2328 1404 2388 in
1426 2327 1635 2388 Ravennatis
1658 2325 1786 2387 umbram

576 2441 725 2501 codicem
760 2440 995 2514 Augustanum
1032 2440 1092 2501 sed
1122 2440 1225 2501 etiam
1256 2441 1291 2502 in
1322 2440 1486 2501 editiones
1517 2441 1610 2515 typis
1633 2441 1788 2515 impressas
1833 2436 1838 2523 χ’

575 2554 745 2615 Iuntinam
769 2553 1012 2614 Frobenianam
1037 2554 1122 2614 alias
1145 2555 1312 2629 receptam
1337 2555 1436 2628 atque
1459 2553 1576 2613 lotam.

619 2668 778 2728 Potestne
810 2665 987 2727 absurdius
1015 2668 1117 2729 etiam
1142 2665 1223 2743 tingi
1246 2667 1392 2729 vitium?
1415 2668 1559 2728 fortasse
1582 2667 1706 2743 potest;
1727 2678 1789 2723 nam

576 2782 651 2842 vide
675 2781 753 2855 quid
777 2780 811 2839 in
835 2780 973 2840 scholiis
996 2780 1038 2841 ad
1063 2796 1199 2841 versum
1223 2782 1371 2842 vicinum
1390 2782 1456 2841 910
1480 2781 1621 2856 legatur,
1646 2780 1698 2839 ubi
1718 2777 1788 2837 lluri·

580 2895 674 2971 pides
697 2894 819 2955 dicitur
842 2895 989 2965 Κλεινοῦς
1013 2908 1079 2955 non
1100 2889 1188 2969 illiue
1210 2895 1269 2956 sed
1295 2893 1452 2972 „oiovbg”
1475 2895 1591 2956 fuisse.

621 3010 739 3083 Itaque
763 3009 953 3070 innocentia
976 3009 1046 3070 iam
1069 3009 1227 3070 videntur
1247 3011 1452 3070 nentriaco
1475 3026 1534 3086 pro
1557 3010 1713 3070 κυλοιδιᾶν
1730 3008 1790 3080 Lys.

578 3125 643 3184 472
662 3118 695 3199 ¹),
720 3119 902 3182 ιτοικινοὶ
925 3137 985 3198 pro
1001 3118 1116 3182 κυκνοὶ
1136 3123 1214 3196 Lyd.
1236 3123 1313 3200 388,
1333 3122 1559 3203 τυράννους
1580 3138 1640 3197 pro
1651 3120 1791 3200 κοιράνους

576 3237 659 3298 Acb.
684 3237 760 3312 472,
797 3251 904 3311 neque
939 3236 1119 3297 admodum
1156 3237 1322 3298 miramur
1357 3235 1492 3297 οἰκίαν
1530 3237 1693 3312 scriptum
1724 3231 1792 3308 quod

576 3350 688 3429 ὑδρίαν
723 3365 799 3411 esse
830 3350 969 3412 debebat
1000 3351 1077 3425 Lys.
1103 3351 1166 3411 927
1186 3345 1219 3419 ²).
1244 3351 1402 3412 Fortasse
1426 3352 1529 3413 etiam
1554 3351 1636 3412 Ach.
1662 3351 1723 3410 800
1743 3348 1793 3406 buc
1841 3407 1842 3410 ,

576 3466 779 3540 referendus,
817 3464 872 3525 ubi
907 3464 994 3537 quod
1025 3465 1059 3523 in
1083 3465 1111 3525 R
1136 3466 1321 3538 ceterisque
1353 3464 1522 3527 codicibus
1553 3464 1676 3540 legitur
1703 3465 1793 3541 χοῖρε
1841 3449 1842 3456 ’

576 3585 686 3657 χοῖρε
709 3578 820 3653 Bergk
843 3577 933 3656 χύρρε
956 3576 1048 3655 χύρρε
1072 3577 1285 3639 scribendum
1310 3593 1386 3639 esse
1409 3579 1522 3639 effecit
1542 3593 1560 3639 e
1580 3575 1792 3652 grammatico·

576 3708 652 3753 rum
675 3693 771 3768 locis,
797 3692 854 3752 ubi
876 3690 1042 3767 porcellos
1066 3692 1261 3752 vocantium
1285 3693 1368 3753 haec
1391 3707 1459 3753 vox
1480 3693 1587 3753 fuisse
1610 3692 1735 3753 dicitur.
1842 3727 1843 3730 =

620 3807 688 3867 Nec
718 3820 784 3866 non
815 3805 893 3865 hino
916 3804 1135 3879 repetendum
1159 3805 1293 3867 videtur
1316 3821 1439 3868 nomen
1463 3805 1583 3867 famuli
1606 3806 1703 3882 plane
1723 3799 1793 3863 miri·
1842 3815 1843 3836 ³

576 3918 676 3980 ficum
708 3915 808 3996 χρυσέ,
837 3918 924 3992 quod
957 3919 990 3978 in
1013 3917 1089 3979 VR
1121 3919 1240 3979 ceteris
1264 3920 1431 3981 codicibus
1454 3920 1619 3981 traditum
1644 3919 1695 3980 est
1715 3916 1793 3987 vesp.

580 4033 679 4094 1251.
703 4032 937 4107 Bdelycleonis
960 4035 1041 4094 sunt
1066 4033 1186 4093 verba:

801 4149 861 4204 καῖ
879 4150 945 4224 τταῖ,
967 4144 1000 4205 τὸ
1026 4147 1152 4206 δεῖπνον
1176 4141 1294 4226 χρυοὲ
1318 4146 1483 4219 συσκεύαζε
1505 4156 1579 4230 νῷν.

577 4261 701 4321 Verum
726 4260 829 4320 duco:

972 4373 1005 4434 τὸ
1031 4375 1157 4434 δεῖπνον
1181 4367 1275 4449 οἶσε,

577 4489 638 4548 buc
672 4488 760 4564 οχΤοτ,
792 4491 831 4548 ut
863 4488 980 4549 deinde
1010 4488 1187 4549 claudatur
1218 4489 1442 4550 enuntiatum.
1471 4487 1526 4550 Sic
1549 4488 1630 4550 alibi
1653 4486 1733 4563 apud
1752 4496 1793 4543 no·

578 4603 686 4662 strum
708 4599 809 4679 „dmg
830 4601 965 4679 θυμίτας
988 4594 1074 4661 οἷσε”
1099 4604 1133 4663 et
1157 4602 1283 4663 similia
1305 4601 1474 4678 leguntur.

612 4781 632 4845 ι)
650 4786 718 4833 Item
734 4787 844 4834 Photide
862 4801 882 4833 s.
898 4799 921 4833 v.
939 4787 1051 4844 αιμυδιῖι
1069 4784 1156 4846 (Phot.
1175 4786 1216 4834 ed.
1234 4783 1415 4834 Reitzenstein
1434 4801 1461 4846 p.
1480 4786 1534 4847 58).

611 4861 631 4923 ¹)
652 4865 683 4911 In
700 4867 819 4924 margine
835 4866 862 4912 id
880 4865 1051 4912 emendatum
1069 4870 1117 4912 est.
