4067 5950
634 804 807 852 τικοεειεει
829 807 871 852 οτι
894 808 1071 855 cononum.
1410 798 1470 859 187

177 988 199 1036 λλ
239 971 291 1033 καί
322 974 415 1049 δόξας
444 973 461 1037 δ
490 975 617 1056 ποιητὴς
640 976 673 1039 ἐκ
694 977 896 1060 προαιρέσεως
918 982 1074 1067 κωμῳδεῖν
1097 982 1184 1055 δίκας
1207 982 1333 1068 δπύσχη.
1357 981 1474 1066 δρῶμεν

238 1096 318 1165 γοῦν
338 1087 391 1161 τάς
410 1087 508 1171 ὀφρύς
524 1088 557 1151 ἐν
575 1096 637 1164 τοῖς
655 1093 856 1171 προσωπείοις
872 1088 894 1166 ¹)
913 1103 965 1172 της
984 1095 1174 1175 Μενάνδρου
1193 1096 1353 1182 κωμῳδίας
1369 1093 1475 1170 ὁποίοις

238 1200 297 1281 ἔχει
318 1200 371 1263 καὶ
391 1202 471 1276 ὅπως
493 1201 729 1283 ἐξεστραμμίνον
752 1205 785 1266 τδ
808 1206 904 1285 στόμα
921 1204 973 1267 καί
992 1204 1066 1268 ούδὲ
1085 1204 1150 1268 κατ’
1173 1205 1351 1291 ἀνθρώπων
1369 1210 1474 1288 φύσιν.

519 1460 550 1538 β.
581 1457 672 1540 περί
702 1460 904 1542 διαφοράς
932 1461 1206 1542 χαρακτήρων.

187 1650 197 1696 l
285 1641 441 1717 Κρατῖνος
465 1634 481 1698 ὁ
504 1646 556 1716 τῆς
579 1643 710 1712 παλαιᾶς
732 1638 892 1724 κωμῳδίας
914 1639 1055 1718 ποιητής,
1081 1638 1131 1701 άτε
1155 1638 1194 1719 δη
1217 1637 1293 1701 κατὰ
1313 1638 1365 1713 τάς
1385 1645 1476 1721 Ἀρχι-

243 1753 337 1833 λόχου
361 1753 501 1830 ζηλώσεις
514 1746 537 1823 ²)
561 1752 711 1832 αύστηρδς
734 1749 789 1830 μὲν
812 1758 875 1826 ταῖς
898 1754 1065 1833 λοιδορίαις
1089 1751 1176 1814 ἐστίν.
1197 1754 1234 1816 ού
1254 1753 1311 1835 γάρ
1334 1755 1433 1837 ὥσπερ
1460 1752 1476 1816 ὁ

245 1865 464 1947 Ἀριστοφάνης
494 1865 655 1947 ἐπιτρέχειν
685 1864 741 1944 τὴν
770 1867 857 1946 χάριν
887 1873 949 1940 τοῖς
979 1867 1139 1946 σκώμμασι
1160 1872 1254 1946 ποιεῖ,
1276 1867 1310 1929 τὸ
1333 1867 1478 1949 φορτικδν

244 1991 297 2061 τῆς
324 1979 520 2060 ἐπιτιμήσεως
543 1979 726 2060 διὰταύτης
749 1980 898 2061 ἀναιρῶν,
922 1976 983 2042 ἀλλ’
1009 1978 1110 2055 ἁπλῶς
1133 1979 1185 2043 καί
1203 1981 1281 2043 κατά
1298 1981 1354 2061 τὴν
1372 2004 1479 2063 παροι-

245 2098 323 2175 μίαν
353 2106 454 2182 γυμνῇ
483 2106 520 2182 τῇ
548 2100 666 2180 κεφαλῇ
688 2095 792 2175 τίθησι
814 2093 867 2170 τάς
889 2097 1084 2175 βλασφημίας
1106 2094 1182 2157 κατά
1206 2105 1267 2158 τῶν
1290 2094 1479 2176 ἁμαρτανόν-

245 2235 316 2272 των.
341 2210 437 2283 πολὺς
461 2206 495 2271 δέ
516 2207 568 2270 καί
592 2208 623 2270 ἐν
645 2203 668 2281 ’)
692 2214 757 2281 ταῖς
780 2182 906 2300 τροπαῖς
923 2209 1071 2290 τυγχάνει.
1091 2208 1230 2290 εὔστοχος
1249 2207 1283 2271 δέ
1302 2208 1344 2271 δὸν
1364 2208 1397 2271 ἐν
1415 2216 1478 2284 ταῖς

245 2325 404 2407 ἐπιβολαῖς
426 2333 486 2384 τῶν
509 2323 671 2404 δραμάτων
693 2321 744 2384 καί
768 2323 958 2403 διασκευαῖς,
981 2317 1043 2384 εἶτα
1066 2321 1181 2406 προϊὼν
1201 2323 1252 2386 καί
1270 2326 1407 2386 διασπῶν
1427 2324 1479 2398 τάς

246 2438 415 2512 ὑποθέσεις
439 2437 497 2500 οάκ
519 2436 699 2511 ἀκολούθως
721 2442 834 2516 πληροῖ
854 2436 890 2497 τὰ
914 2437 1059 2517 δράματα.

292 2551 433 2625 Εὔπολις
457 2548 491 2613 δέ
513 2551 721 2630 εύφάνταστος
740 2548 795 2629 μὲν
814 2551 857 2625 είς
875 2550 1051 2631 ὑπερβολήν
1071 2549 1131 2613 ἐστι
1149 2551 1225 2613 κατὰ
1244 2550 1296 2627 τὰς
1307 2551 1482 2627 ὑποθέσεις.

246 2667 299 2741 τὰς
333 2666 390 2749 γάρ
418 2666 586 2747 είσηγήσεις
612 2665 742 2746 μεγάλας
764 2674 825 2725 τῶν
849 2665 1011 2744 δραμάτων
1034 2670 1175 2745 ποιεῖται,
1196 2665 1249 2728 καί
1271 2666 1367 2748 ἥνπερ
1391 2665 1424 2728 ἐν
1446 2679 1482 2753 τη

245 2781 422 2864 παραβάσει
452 2781 625 2859 φαντασίαν
656 2788 796 2842 κινοῦσιν
827 2779 857 2841 οῖ
885 2780 1000 2859 λοιποί,
1029 2780 1143 2861 ταύτην
1174 2779 1287 2855 ἐκεῖνος
1317 2780 1350 2843 ἐν
1366 2777 1392 2852 ⁴)
1418 2788 1480 2856 τοῖς

246 2897 416 2977 δράμασιν,
446 2893 610 2978 ἀναγαγεῖν
637 2892 744 2967 ίκανάς
767 2892 810 2954 ὢν
834 2893 864 2968 ἐξ
879 2891 988 2955 ’Ἅιδου
1012 2892 1192 2976 νομοθετῶν
1215 2895 1363 2977 πρόσωπα
1377 2890 1411 2975 ⁶),
1432 2895 1483 2957 καὶ

246 3009 281 3073 δι’
307 3011 411 3073 αύεῶν
434 3011 650 3090 εἰσηγούμενος
673 3007 693 3090 ἢ
713 3008 781 3089 περὶ
800 3008 915 3084 θέσεως
932 3010 1038 3089 νόμων
1064 3007 1085 3090 ἣ
1107 3011 1306 3084 καταλύσεως.
1329 3011 1426 3091 ὥσπερ
1451 3009 1484 3072 δέ

248 3125 334 3187 ἐστιν
355 3123 489 3204 ὑψηλός,
512 3124 590 3185 ούτω
612 3121 665 3184 καί
686 3122 821 3204 ἐπίχαρις
843 3124 896 3186 καλ
913 3123 984 3204 περὶ
1003 3124 1039 3185 τά
1059 3125 1223 3203 σκώμματα
1241 3125 1311 3186 λίαν
1334 3123 1482 3204 εύστοχος.

292 3239 310 3302 δ
344 3237 378 3302 δέ
408 3239 626 3322 Ἀριστοφάνης
648 3238 701 3300 τὸν
724 3237 817 3317 μέσον
837 3238 960 3318 ἐλήλακε
983 3249 1043 3300 τῶν
1067 3237 1190 3320 ἀνδρῶν
1213 3248 1392 3320 χαρακτῆρα.
1415 3237 1484 3301 ούτε

246 3353 304 3434 γὰρ
325 3353 433 3434 πικρὸς
451 3354 520 3414 λίαν
539 3350 621 3414 ἐστίν
641 3353 740 3433 ὥσπερ
760 3351 776 3414 ὁ
797 3357 961 3433 Κρατῖνος,
981 3351 1050 3414 ούτε
1069 3353 1181 3433 χαρίεις
1193 3353 1292 3432 ὥσπερ
1305 3349 1321 3413 ὁ
1334 3351 1485 3433 Εὔπολις,

246 3464 307 3528 ἀλλ’
336 3466 394 3546 ἔχει
423 3465 476 3528 καί
498 3466 573 3548 πρὸς
595 3468 667 3541 τοὺς
691 3464 922 3546 ἁμαρτάνοντας
945 3465 978 3527 τὸ
1002 3466 1139 3548 σφοδρὸν
1163 3475 1217 3527 τοῦ
1240 3466 1404 3546 Κρατίνου,
1433 3465 1485 3528 καί

246 3583 279 3644 τὸ
304 3591 359 3661 τῆς
382 3580 595 3663 ἐπιτρεχούσης
618 3581 739 3662 χάριτος
763 3580 948 3653 Εύπάλιδος.

678 3933 770 4015 περί
796 3933 1007 4021 κωμωδίας
1028 3927 1063 4005 ⁸).

198 4118 209 4163 l
295 4115 352 4194 τὴν
384 4115 548 4200 κωμφδίαν
577 4113 737 4196 ηδρῇσθαί
765 4130 862 4192 φασιν
891 4111 953 4174 ύπὸ
983 4077 1217 4192 Σουσαρίωνος,
1239 4111 1294 4190 τὴν
1318 4109 1351 4173 δὲ
1374 4108 1486 4188 δνομα-

284 4322 304 4386 1)
319 4330 477 4390 προσωπείοις
494 4325 591 4386 Bergk]
609 4329 751 4389 προσώποις.

282 4407 306 4465 ¹)
324 4409 432 4466 ζηλώσεις
456 4405 561 4466 Καίλιολ]
585 4408 696 4465 ζητήσας.
717 4402 903 4452 Hemsterhuis
924 4406 965 4450 ὅτι
986 4405 1016 4464 δὴ
1038 4406 1076 4451 καλ
1098 4406 1128 4451 τιλ
1151 4407 1183 4451 A.
1205 4406 1307 4463 ζηλώσας
1330 4398 1486 4457 οοιιὶοοοτελ,

252 4486 339 4544 Bergk
356 4487 398 4532 δτι
415 4485 445 4545 δὴ
461 4486 581 4538 καταστὰς
597 4487 630 4531 Ἀ.
648 4483 755 4543 ζηλωτής.

286 4560 310 4626 ³)
327 4564 363 4624 λι]
381 4564 442 4610 εδδ.
460 4564 583 4623 Blayden.

285 4639 307 4702 ⁴)
324 4644 388 4690 Post
406 4646 430 4689 λι
447 4643 541 4690 Καίλιολ
557 4643 617 4691 εδδ.
635 4645 722 4697 αὐτοῖς.

286 4717 309 4780 ⁸)
328 4723 359 4769 In
375 4723 468 4769 Domis
486 4722 585 4769 fabuln.

287 4797 310 4864 ⁸)
326 4801 474 4861 Exoorptus
490 4802 535 4848 hie
553 4801 783 4848 commentariolus
801 4815 833 4848 ex
850 4813 932 4861 opero
949 4798 1087 4859 ampliore,
1111 4800 1223 4846 fortasse
1237 4812 1252 4845 ο
1268 4796 1356 4846 Procli
1372 4797 1489 4844 chresto·

257 4879 364 4939 mathia,
380 4879 409 4928 in
426 4881 483 4929 solo
500 4881 590 4928 οοδίοο
607 4881 712 4928 Εελοαιλ
729 4881 771 4928 ΠΙ
788 4882 812 4928 D
830 4882 845 4927 8
865 4881 986 4939 ropertus
1004 4880 1052 4925 στί.
