4067 5950
699 810 779 854 vrrs
802 811 841 854 111
864 809 1033 854 ornamus.
1422 797 1484 856 165

251 983 335 1043 illud
365 983 513 1058 proderit
541 981 619 1060 tibi,
651 980 773 1044 11111111
795 983 884 1043 enirn
909 984 947 1043 ut
970 982 1098 1043 sentias
1120 982 1244 1042 bonum
1268 997 1343 1043 1111
1366 983 1484 1044 facien·

251 1097 333 1156 dum
358 1129 400 1141 -
424 1112 490 1158 non
523 1099 562 1157 ut
595 1097 678 1158 bene
710 1097 755 1158 sit
785 1097 861 1172 tibi,
893 1096 953 1158 sed
983 1097 1021 1156 ut
1051 1097 1122 1172 ipse
1145 1095 1252 1157 bonus
1275 1098 1310 1157 st
1333 1097 1381 1157 sic
1404 1096 1486 1158 felix

250 1209 325 1271 flas.
357 1210 429 1271 Non
460 1210 493 1271 id
516 1225 537 1271 a
559 1211 623 1271 diis
649 1211 794 1286 petitum
824 1210 970 1286 oportuit
995 1212 1034 1270 ut
1056 1224 1232 1286 prosperos
1255 1210 1430 1272 redderent
1454 1212 1487 1271 te

250 1327 410 1401 tuosque,
434 1324 493 1385 sed
515 1325 554 1385 ut
577 1325 766 1400 sapientes!

295 1551 465 1626 Numquid
485 1552 633 1613 comicus
651 1552 733 1613 talia
751 1555 865 1614 mente
884 1552 1050 1627 agitavit?
1070 1551 1147 1613 Veri
1165 1567 1283 1628 parum
1304 1551 1431 1627 simile;
1452 1553 1486 1613 in

249 1665 368 1726 fabula
398 1668 486 1728 certe
516 1665 599 1727 nihil
627 1668 678 1726 est
700 1681 765 1739 quo
789 1666 862 1741 cogi
884 1666 1053 1741 potuerint
1074 1668 1282 1741 spectatores
1305 1669 1343 1727 ut
1366 1665 1490 1726 similia

251 1797 331 1840 oum
355 1781 468 1842 animo
490 1796 551 1842 suo
570 1781 765 1856 cogitarent.
785 1781 921 1841 Inerant
939 1783 1054 1842 tamen
1075 1782 1155 1842 haec
1174 1782 1286 1842 omnia
1305 1781 1338 1841 in
1358 1780 1487 1841 fabulae

251 1897 452 1970 argumento
489 1909 594 1969 neque
633 1894 674 1956 ab
705 1896 777 1956 arte
815 1910 931 1956 musae
962 1895 1091 1957 iocosae
1129 1895 1316 1955 necessario
1351 1893 1486 1955 fuerunt

251 2009 375 2071 aliena.

298 2123 363 2184 Sed
397 2124 469 2200 ipse
503 2125 601 2199 poeta
634 2124 746 2184 minus
779 2124 846 2184 lam
878 2125 931 2184 est
960 2123 1104 2198 locosns,
1137 2137 1236 2196 quam
1267 2121 1340 2183 fuit.
1372 2122 1485 2196 Neque

249 2238 382 2299 hilarus
405 2236 462 2297 ille
478 2237 568 2297 vitae
591 2251 685 2298 amor
704 2237 734 2297 ei
753 2236 950 2312 permansit,
972 2236 1030 2297 sed
1050 2236 1224 2297 hominum
1244 2239 1485 2297 contemtorem

249 2367 289 2412 se
324 2351 461 2427 praebet
495 2351 662 2413 acerbum.
696 2351 843 2426 Despicit
871 2350 940 2412 iam
970 2365 1088 2411 omnes
1118 2353 1153 2411 et
1181 2349 1304 2411 omnia.
1335 2349 1488 2411 Tolerare

249 2466 371 2526 didicit
390 2465 556 2542 homines,
577 2479 690 2526 amare
709 2465 874 2527 dedidicit.
887 2465 959 2525 Non
971 2465 1127 2526 irascitur
1139 2463 1254 2541 etiam,
1268 2479 1333 2525 non
1347 2464 1489 2525 intendit

250 2581 345 2640 vires
368 2579 410 2640 ad
432 2579 683 2655 optatissimum
702 2578 845 2653 aliquem
869 2575 970 2640 finem
993 2578 1255 2653 assequendum;
1279 2577 1388 2639 acerbi
1411 2577 1488 2653 quid

249 2694 367 2754 ridens
390 2693 541 2754 intuetur
565 2695 600 2754 et
622 2695 786 2768 expectat.

297 2809 345 2869 At
374 2806 492 2868 Plutus
522 2806 634 2868 tabula
656 2806 734 2869 11111
756 2821 822 2869 non
845 2809 917 2869 eius
940 2807 985 2868 sit
1008 2807 1241 2882 Aristophanis
1263 2821 1363 2882 quem
1387 2806 1487 2867 admi·

248 2921 319 2983 rari
354 2922 387 2983 et
414 2920 548 2997 diligere
572 2921 763 3000 didicimus,
789 2923 841 2983 est
864 2922 978 2983 tamen
1001 2920 1116 2997 magni
1140 2918 1277 2982 artificis
1300 2934 1392 2996 opus.
1417 2919 1488 2982 Non

248 3041 324 3098 tam
349 3037 457 3098 multa
480 3037 570 3099 dedit
593 3052 693 3113 quam
717 3035 758 3098 ab
778 3036 1042 3098 Acbamensium
1061 3036 1185 3097 Avium
1204 3036 1373 3096 Ranarum
1391 3038 1488 3110 poeta

249 3150 533 3227 expectabantur:
553 3150 662 3212 multa
678 3151 792 3210 tamen
813 3150 902 3211 dedit
921 3164 1009 3210 nunc
1028 3164 1166 3224 quoque.
1187 3149 1357 3224 colloquia
1367 3149 1490 3210 festiva

248 3282 318 3326 non
355 3265 489 3341 desunt,
523 3267 556 3325 et
587 3264 696 3339 lepida
725 3263 904 3325 admodum
935 3267 1014 3324 sunt
1044 3279 1129 3338 quae
1159 3266 1335 3326 narrantur
1365 3263 1488 3325 dedeo

248 3394 352 3440 caeco
375 3379 409 3439 in
432 3378 621 3454 Aesculapii
643 3378 722 3439 iano
744 3379 933 3439 incubante.
959 3377 1048 3454 Quae
1072 3380 1218 3440 narratio
1242 3380 1329 3439 satis
1348 3381 1493 3440 testatur

248 3495 388 3567 poetam
423 3491 571 3553 recentia
603 3491 662 3553 illa
695 3492 902 3552 medicorum
932 3490 1072 3553 artificia
1102 3492 1205 3553 nihilo
1236 3491 1340 3568 pluris
1371 3493 1491 3554 fecisse

248 3622 355 3680 quam
390 3606 457 3666 1111
491 3606 679 3680 aequalium
715 3603 852 3666 artificia
882 3609 915 3666 et
944 3605 1064 3667 studia.
1096 3606 1241 3667 Erantne
1274 3607 1376 3666 etiam
1406 3621 1490 3680 quae

249 3722 339 3781 riser
362 3734 468 3780 senex
490 3720 606 3794 magni
628 3719 752 3780 iaceret
775 3720 810 3779 in
831 3720 968 3780 civitate
987 3720 1058 3780 tam
1077 3719 1233 3780 dissimili
1253 3718 1320 3779 illis
1338 3720 1491 3796 Athenis,

249 3850 338 3907 quas
366 3848 448 3909 puer
471 3836 505 3894 et
527 3834 658 3894 iuvenis
682 3832 917 3894 ardentissimo
941 3848 1054 3893 amore
1079 3835 1276 3894 amaverat?
1299 3835 1436 3894 erantne
1459 3834 1493 3894 in

249 3950 365 4009 cetera
387 3947 550 4009 Graecia?

846 4200 902 4259 IV.

295 4404 374 4464 Uno
405 4419 492 4464 anno
518 4406 594 4479 post
625 4403 759 4464 Plutum
790 4403 938 4465 tabulam
969 4418 1089 4464 scenae
1117 4406 1332 4466 commissam
1357 4405 1491 4466 Graecis

250 4517 449 4578 civitatibus
478 4514 579 4578 finem
607 4518 686 4578 novi
708 4517 788 4578 belli
811 4518 890 4578 fecit
912 4532 978 4593 pax
1001 4518 1042 4577 ab
1065 4518 1243 4579 Antalcida
1265 4518 1395 4580 Lacone
1419 4535 1492 4580 oon·

251 4630 376 4691 ciliata.
409 4628 498 4705 Quae
528 4629 569 4691 ab
592 4632 655 4692 hoc
677 4632 749 4693 viro
773 4648 895 4693 nomen
918 4632 1032 4709 habet,
1057 4634 1114 4693 sed
1138 4634 1240 4693 etiam
1267 4648 1354 4709 ,pax
1377 4628 1491 4708 regia'

251 4746 306 4806 est
346 4744 448 4819 dicta,
492 4744 648 4818 quoniam
690 4760 772 4821 ,rex
806 4747 1013 4807 Artaxerxes
1048 4747 1142 4806 misit
1174 4761 1249 4807 eam
1284 4746 1422 4821 Spartae
1458 4750 1491 4808 et

252 4857 399 4918 Athenis
429 4860 464 4919 et
493 4861 709 4933 utrorumque
732 4860 866 4921 sociis'’.
890 4858 1016 4921 Callida
1039 4860 1194 4922 videlicet
1216 4861 1392 4923 Persarum
1418 4876 1492 4922 con·
