4067 5950
1072 755 1114 801 DE
1137 755 1262 802 ΡΟΜΔΙ

864 929 972 1005 ,Leve
995 929 1173 990 moventes
1196 942 1315 1003 corpus
1338 941 1462 1000 nsque;

863 1041 944 1119 ,Vel
966 1041 1058 1102 Iovis
1081 1040 1219 1115 fugante
1241 1040 1354 1101 nimbo

863 1153 1021 1231 ,Varium
1044 1154 1078 1214 in
1101 1151 1217 1215 intima
1238 1153 1358 1230 palude

864 1267 1049 1344 ,Duximus
1072 1266 1207 1328 chorum
1233 1271 1392 1330 canentes

818 1379 977 1456 ,Garrula
999 1380 1085 1454 quod
1107 1395 1193 1455 aqua
1215 1381 1326 1442 eicit.”

595 1495 635 1554 lit
658 1494 707 1554 sic
730 1509 839 1569 porro.

594 1607 683 1668 Bene
717 1607 843 1668 iactum
879 1606 965 1680 quod
1000 1606 1135 1669 tandem
1170 1621 1351 1684 pervenere
1385 1624 1449 1682 quo
1480 1607 1672 1681 tendebant,
1704 1619 1774 1664 nam

550 1720 647 1794 plane
668 1719 778 1780 lessus
802 1722 855 1780 cst
876 1718 1043 1794 Dionysus
1067 1719 1178 1781 lubore
1201 1719 1349 1783 insolito.
1369 1720 1555 1796 Egreditur,
1577 1733 1652 1780 ecee
1672 1719 1777 1778 autem

549 1833 644 1894 adest
673 1831 775 1893 etiam
809 1832 986 1894 Xantbles.
1023 1832 1183 1894 Strenuus
1214 1833 1322 1908 pergit
1350 1849 1457 1895 novus
1488 1832 1622 1894 Alcides
1653 1831 1774 1892 clavem

550 1945 803 2007 circumrotans.
828 1946 973 2007 Veniant
996 1947 1095 2008 modo
1120 1946 1236 2022 Stygia
1259 1950 1428 2009 munstre:
1454 1947 1538 2010 mire
1559 1945 1757 2022 plectentur!

595 2058 683 2133 Quae
702 2058 837 2119 insolita
856 2060 993 2120 audacia
1011 2074 1113 2134 quam
1133 2061 1178 2121 sit
1197 2060 1341 2135 genuina
1360 2062 1446 2123 scire
1465 2060 1603 2135 cupiens
1619 2055 1777 2118 Xantbies

596 2204 636 2215 -
664 2172 710 2248 ,0
735 2171 848 2247 bere”,
873 2173 998 2234 clamat
1024 2173 1156 2248 ,nescio
1180 2173 1256 2247 quid
1280 2175 1401 2249 strepit
1422 2175 1457 2234 in
1480 2173 1535 2233 bis
1556 2172 1672 2234 lucia.”

599 2318 639 2329 —
666 2285 749 2362 ,Ubi
774 2287 933 2347 autem?‘’

600 2433 640 2444 —
669 2399 769 2476 ,Post
789 2400 886 2460 nos.”

598 2512 703 2575 Celeri
726 2514 808 2588 pede
832 2529 908 2574 eum
932 2513 1117 2574 antevertit
1140 2513 1317 2590 Dionysus.

598 2661 639 2671 -
667 2627 732 2703 ,At
755 2626 919 2703 errabam,
943 2641 1022 2686 narn
1046 2629 1123 2688 ante
1146 2642 1208 2688 nos
1231 2627 1328 2689 audio
1352 2629 1506 2689 sonum.'’

596 2741 663 2801 Nec
685 2754 790 2817 mora,
814 2744 889 2816 post
912 2741 1097 2802 Xanthiam
1120 2740 1286 2815 Dionysus
1310 2743 1445 2804 recedit:

596 2854 732 2927 Iamque
764 2855 846 2915 deus
876 2854 1094 2915 meticulosus
1125 2856 1334 2930 impudenter
1365 2856 1517 2917 ductatur
1547 2855 1587 2915 ab
1611 2857 1776 2916 emunctae

552 2967 643 3028 naris
674 2968 850 3044 mancipio,
883 2968 992 3029 dirum
1022 2967 1187 3043 quoddam
1216 2971 1405 3030 monstrum
1429 2969 1463 3030 in
1487 2968 1642 3044 proxima
1664 2967 1777 3029 vicinia

550 3096 608 3156 per
630 3082 786 3143 tenebras
810 3082 936 3143 versari
958 3079 1110 3157 fingenti.

595 3195 644 3255 Ex
674 3197 801 3256 terrore
831 3198 944 3257 autem
976 3190 1151 3271 postquem
1184 3195 1337 3256 misellus
1367 3194 1528 3257 Hercules
1552 3196 1591 3255 ad
1616 3209 1652 3256 se
1675 3194 1777 3267 rediit,

551 3309 697 3383 pergitur
726 3310 760 3369 et
789 3324 870 3369 mox
901 3308 1094 3383 pervenitur
1124 3308 1158 3368 in
1188 3311 1323 3385 pratum
1351 3323 1543 3385 amoenum,
1569 3307 1625 3368 ubi
1647 3307 1776 3369 umbrae

553 3421 759 3497 mortalium,
790 3422 846 3496 qui
876 3422 1048 3495 mysteriis
1071 3422 1251 3484 Eleusiniis
1274 3424 1348 3483 tum
1373 3438 1447 3482 cum
1473 3420 1631 3483 vivebant
1654 3420 1777 3481 luerunt

550 3536 688 3611 initiati,
719 3536 884 3596 cantando
916 3538 950 3595 et
980 3534 1134 3596 saltando
1166 3534 1289 3596 festum
1314 3536 1386 3596 sine
1409 3534 1473 3596 tine
1496 3534 1583 3595 diem
1608 3536 1721 3609 agunt,
1745 3534 1777 3591 ut

551 3648 631 3709 olim
655 3648 815 3710 solebant.
840 3649 882 3709 Hi
907 3649 996 3709 enim
1022 3648 1084 3709 soli
1107 3651 1183 3724 post
1206 3648 1332 3710 obitum
1356 3649 1445 3709 beati
1464 3648 1588 3723 degunt
1606 3648 1640 3708 in
1659 3645 1777 3721 campis

552 3763 683 3838 Elysiis,
708 3763 795 3839 Quae
819 3766 1008 3838 mystarum
1033 3763 1172 3824 umbrae
1195 3764 1332 3825 chorum
1356 3763 1489 3824 tabulae
1512 3761 1669 3824 efficiunt.

595 3876 676 3937 Ecce
711 3879 824 3937 autem
855 3875 984 3936 facibus
1018 3891 1176 3938 coruscus
1209 3878 1451 3953 appropinquet
1484 3878 1600 3938 coetus
1633 3874 1774 3935 manium

551 3992 782 4052 coronatorum
795 3988 1009 4061 candidisque
1025 3990 1178 4051 vestibus
1197 3990 1398 4052 indutorum.
1415 4025 1454 4035 -
1472 3990 1647 4065 „tabehel”
1660 3988 1777 4050 clamor

551 4104 787 4164 sanctissimus
810 4104 878 4163 late
903 4104 1052 4162 resonat:

687 4215 849 4291 ,corusca
873 4215 1027 4275 manibus
1051 4216 1179 4277 lumina
1203 4231 1370 4290 quassans
1392 4233 1453 4293 age
1476 4215 1582 4291 prodi,

863 4329 1012 4405 ,Iacche
1037 4344 1056 4390 0
1080 4330 1207 4405 Iacche,

776 4444 910 4519 ,Noctis
934 4458 952 4504 0
976 4442 1117 4503 celebris
1140 4442 1256 4503 luciier
1278 4442 1381 4517 ignisl

863 4558 970 4635 ,Face
993 4557 1084 4618 lucet
1108 4570 1184 4617 ecce
1207 4558 1355 4633 pratum,

865 4659 1041 4746 ,Trepidat
1064 4670 1177 4745 poples
1201 4670 1330 4745 senilis,

864 4784 1023 4859 ,Veteres
1046 4784 1174 4859 ponunt
1197 4783 1348 4856 querelas
