4067 5950
695 750 738 794 DE
762 751 870 796 TRXTU
894 749 1047 796 univiro.

548 1081 586 1156 a)
607 1082 662 1142 De
685 1082 914 1157 permutatis
936 1082 1041 1144 sonis
1063 1105 1094 1151 et
1114 1086 1152 1145 et
1175 1106 1197 1152 t·

293 1267 407 1329 Etiam
442 1284 545 1331 sonos
574 1291 600 1329 ει
631 1272 666 1332 et
695 1291 707 1328 ι
737 1268 935 1343 saepissime
966 1268 1151 1344 permutari
1181 1284 1298 1331 omnes
1321 1268 1490 1329 norimus.

254 1380 413 1457 Exemplo
438 1383 483 1443 eit
506 1383 593 1458 quod
617 1384 652 1443 in
674 1383 703 1444 R
726 1384 780 1444 est
801 1382 878 1456 Lye.
904 1383 987 1443 631:

431 1490 492 1557 ἀλλ’
514 1495 589 1574 ἐμοῦ
612 1493 668 1574 μὲν
691 1495 730 1557 οὐ
753 1496 1045 1575 τυραννεύσουσιν·
1070 1494 1133 1556 ἐντί
1157 1495 1340 1572 φυλάξομαι.

253 1608 381 1671 Immo:
406 1607 444 1670 οὐ
467 1605 721 1690 τυραννεύσουέ·
745 1606 832 1670 ἐπεί
855 1608 1074 1687 φυλάξομαι.

294 1722 423 1785 Similia
447 1739 539 1787 error
562 1726 597 1786 iu
619 1725 648 1785 R
671 1726 812 1801 paratur
835 1723 919 1785 Nub.
944 1724 1029 1786 862:

433 1830 492 1899 οἷδ’
520 1836 642 1911 ἕξεται
666 1854 715 1899 σοι
738 1837 933 1919 τραυλίσαντι
955 1837 1138 1915 πυθόμενος,

253 1953 462 2026 perpetratus
485 1953 539 2014 eet
562 1953 597 2014 iu
620 1952 667 2013 V:

430 2058 489 2125 οἶδ’
517 2064 618 2139 ἐξέτι
641 2082 690 2126 σοι
713 2063 771 2126 nrt.

296 2179 403 2240 Pudet
428 2178 497 2240 fere
527 2179 730 2256 adscribere,
759 2176 883 2252 ἑξέτει
906 2193 981 2241 eeee
1004 2179 1037 2240 id
1060 2179 1147 2254 quod
1171 2179 1307 2241 dederat
1330 2180 1487 2241 comicus.

296 2293 368 2354 Nou
401 2294 515 2354 minue
550 2293 645 2355 foedo
676 2293 760 2354 vitio
790 2295 969 2369 cormptue
1000 2296 1053 2353 eet
1082 2291 1168 2355 Ecol.
1195 2294 1271 2369 167,
1295 2292 1350 2354 ubi
1373 2291 1489 2353 ἐκεῖνον

255 2404 340 2466 εἴτι
363 2404 503 2485 βλέψασα
535 2408 625 2469 dedit
656 2407 779 2469 codicis
803 2406 832 2467 R
855 2406 1025 2484 librarius,
1058 2404 1121 2466 ἔστι
1148 2404 1287 2485 βλέψασα
1312 2409 1487 2485 corrector,

257 2517 445 2597 ἐπιβλέψασα
466 2522 571 2583 codex
583 2525 616 2582 Γ.
637 2522 762 2584 Verum
783 2521 934 2583 restituit
948 2521 1116 2595 Elmeley:
1138 2518 1319 2581 ἐκεινονὶ
1338 2518 1485 2600 βλέψασα.

299 2634 408 2697 Etiam
435 2635 535 2696 lectio
559 2635 720 2697 hodierna
742 2635 829 2697 Eccl.
856 2637 920 2697 202
943 2634 993 2696 eic
1016 2639 1069 2695 est
1092 2636 1187 2695 nata:

432 2748 563 2827 σωτηρία
587 2746 778 2827 παρέκυψεν,
800 2744 861 2809 ἀλλ’
887 2745 1060 2828 ὁρίζεται
1081 2746 1085 2827 Ι
1110 2747 1335 2827 Θρασύβουλος.

299 2862 351 2924 Sic
380 2866 414 2922 Γ.
445 2863 600 2925 Etiamne
623 2863 676 2925 R?
710 2864 783 2925 Nou
811 2864 873 2940 ita,
898 2863 956 2924 sed
980 2856 1040 2923 ἀλλ’
1069 2864 1274 2942 σρειζεται.
1298 2862 1483 2922 Monstrum

254 2976 389 3039 feliciter
412 2978 606 3054 procuravit
629 2979 802 3040 Hermann
826 2978 1000 3039 scribendo
1024 2970 1084 3037 ἀλλ’
1111 2971 1317 3056 ὀργίζεται.
1340 2976 1486 3036 Litterae

254 3101 297 3156 ΓΙ
311 3101 344 3160 iu
365 3099 414 3160 61
435 3100 559 3177 abiere,
582 3101 659 3162 hinc
677 3101 943 3175 paradiorthosis
962 3100 1087 3161 bellum
1107 3101 1189 3162 illud
1205 3096 1333 3180 ὁρίζεται
1344 3099 1484 3161 effinxit.

296 3212 450 3275 Eiusdem
474 3214 602 3275 ianuae
626 3218 679 3276 eet
702 3231 732 3276 o.
757 3230 787 3290 g.
812 3216 845 3276 iu
870 3214 899 3273 V
922 3218 957 3275 et
980 3215 1014 3276 iu
1038 3215 1083 3275 R:
1109 3214 1138 3274 τί
1159 3205 1217 3275 οὖν
1237 3217 1271 3276 et
1291 3215 1321 3274 τί
1338 3230 1388 3274 σοι
1406 3214 1484 3274 ναί-

254 3329 375 3401 θομαι
409 3328 494 3390 Nub.
519 3329 560 3389 87
597 3329 697 3404 Vesp.
731 3329 795 3390 761
832 3343 891 3404 pro
925 3327 955 3387 τί
986 3318 1044 3388 οὖν
1079 3331 1114 3389 et
1148 3327 1177 3388 τί
1210 3345 1259 3388 σοι
1292 3327 1484 3403 πίθωμαι.

255 3439 358 3501 Etiam
387 3451 541 3501 πεινῶντα
571 3443 661 3505 Plut.
687 3444 751 3504 297
785 3444 949 3519 scriptum
978 3457 1038 3518 pro
1070 3451 1251 3502 αινῶνια
1284 3442 1481 3518 squalidum,

255 3556 336 3627 quod
357 3556 508 3617 restituit
537 3556 683 3633 Bruuck,
716 3558 771 3618 hic
794 3557 1011 3618 afferendum.
1037 3554 1154 3631 Qualia
1177 3557 1232 3631 qui
1254 3555 1364 3616 multa
1387 3555 1484 3616 offen-

257 3668 317 3737 dit,
339 3670 500 3732 audacem
522 3687 589 3733 nou
612 3672 700 3733 dicet
724 3673 951 3733 coniecturam
975 3673 1110 3733 Theem.
1136 3673 1196 3732 21:

428 3783 546 3844 θεῖόν
570 3785 600 3844 τί
621 3785 683 3846 πού
707 3782 788 3845 ἐστιν
812 3785 845 3845 αλ
869 3783 965 3863 σοφαί
988 3786 1160 3863 ξυνουσίαι,

259 3897 310 3958 ubi
332 3891 420 3959 οἷον
445 3901 499 3960 eet
522 3900 556 3960 iu
580 3899 623 3960 R:
650 3900 918 3960 ΟΙΟΝ-ΘΙΟΝ.
942 3900 1013 3962 Vel.
1038 3900 1094 3976 uq.
1120 3901 1183 3961 327

427 4021 546 4092 πρῶτος
567 4011 619 4072 ὤν·
644 4009 660 4073 ὁ
686 4008 714 4072 θ’
736 4007 930 4090 Ἱπποδάμου
953 4013 1142 4092 θλίβεται
1165 4013 1320 4091 θεώμενος

259 4139 312 4197 pro
335 4126 486 4187 codicum
510 4127 651 4188 lectione
674 4125 863 4205 λείβεται.
890 4127 936 4187 Tu
953 4127 1064 4202 primo
1087 4128 1149 4188 λοοο
1171 4129 1257 4189 ceder
1280 4126 1405 4204 (Cleon),
1429 4129 1483 4190 ced

258 4236 332 4297 inter
348 4240 509 4316 popellum
531 4241 627 4301 nimio
650 4245 719 4301 orto
742 4242 805 4302 loco
828 4242 909 4302 acdct
932 4239 1188 4316 Arcoeproremcc
1206 4243 1256 4302 vir
1273 4243 1380 4317 crovio
1399 4245 1426 4302 ct
1444 4243 1482 4302 dc

255 4352 355 4423 οντα
376 4354 489 4429 optime
513 4357 645 4415 ααναα
668 4355 1201 4427 (οΛυΙουνΑι-Λυεουναι).

515 4633 552 4709 7)
572 4633 628 4692 De
649 4633 793 4694 litteris
812 4646 852 4692 αι
872 4636 910 4693 et
930 4646 957 4692 a
977 4633 1217 4707 permutatio.

299 4805 365 4867 Nou
397 4812 530 4885 propter
553 4825 707 4870 sonorum
729 4809 787 4870 sed
810 4811 942 4885 propter
964 4810 1118 4870 ολνολνιινν
1141 4809 1398 4870 similitudinem
1421 4809 1482 4869 ire-
