4067 5950
715 797 795 842 vrrs
818 797 859 840 nr
881 796 1050 841 1111111111.
1436 783 1499 843 109

265 980 344 1025 cum
375 966 433 1026 illo
464 967 603 1042 aufugit.
635 969 802 1029 Reversus
826 983 906 1030 mox
938 967 1035 1028 lictor
1059 983 1200 1028 vacuam
1225 969 1347 1043 reperit
1371 985 1501 1046 assem,

264 1081 300 1138 et
323 1080 448 1141 chorus
471 1081 649 1142 mulierum
681 1082 762 1144 illuc
784 1098 861 1144 eum
885 1081 992 1143 mittit
1014 1082 1056 1142 ad
1079 1082 1239 1156 fugitivos
1263 1083 1501 1159 corripiendos,

264 1209 332 1266 quo
356 1210 422 1254 non
446 1194 609 1256 abierunt.
634 1195 782 1257 Tandem
800 1195 973 1270 Euripides
995 1195 1231 1270 pervenitque
1251 1196 1394 1258 volebat.
1414 1197 1502 1258 Vicit

264 1308 337 1367 vim
361 1322 459 1368 mens
483 1311 618 1369 versuta
640 1311 675 1370 et
697 1310 864 1385 pertinax.

311 1535 472 1611 Lepidum
507 1536 596 1598 hunc
629 1538 759 1602 exitum
794 1537 894 1598 habet
927 1536 1040 1598 fabula
1056 1577 1058 1584 -
1074 1537 1281 1612 lepidissima
1315 1540 1349 1600 at
1379 1539 1505 1615 optime

238 1650 479 1727 concinnata,
521 1650 603 1712 iocis
645 1650 816 1712 abundans
856 1651 943 1713 mira
983 1651 1145 1713 facilitate
1187 1652 1322 1714 conexis
1365 1655 1398 1714 et
1438 1652 1504 1714 levi

264 1779 369 1825 cursu
409 1766 449 1826 ad
483 1764 583 1827 11111111
618 1765 883 1841 properantibus,
919 1765 1046 1826 summi
1080 1767 1114 1826 in
1148 1767 1218 1827 arte
1258 1766 1394 1828 celanda
1428 1768 1503 1827 arti·

264 1878 341 1939 ficis
365 1894 458 1955 opus.
1342 1847 1344 1862 ¹

312 1993 386 2054 Non
417 1992 506 2054 enim
538 1996 610 2055 tam
640 1994 835 2055 innocentes
856 1996 958 2068 atque
981 1994 1144 2069 benignae
1166 1997 1246 2056 sunt
1267 1995 1406 2056 facetiae
1428 1995 1504 2056 illae

265 2122 371 2180 quam
395 2108 558 2182 videntur,
582 2109 641 2170 sed
660 2109 735 2184 plus
754 2109 878 2170 habent
895 2109 930 2169 in
949 2110 1024 2170 sinu
1036 2124 1136 2184 quam
1149 2109 1327 2171 ostendant
1338 2111 1373 2170 111
1385 2110 1502 2172 fronte.

265 2222 444 2283 Mulierum
468 2238 545 2285 osor
566 2222 739 2299 Euripides
762 2239 828 2285 non
851 2224 972 2285 dicitur
995 2224 1098 2284 serio:
1122 2223 1210 2284 serio
1234 2225 1347 2285 tamen
1371 2224 1504 2298 petitur.

265 2336 355 2396 Nam
384 2337 516 2412 poetam
547 2337 726 2414 tragicum,
750 2353 851 2412 quem
873 2339 1100 2413 spectatorum
1124 2337 1294 2399 cachinnis
1317 2337 1506 2398 immodicis

265 2450 513 2526 explodendum
544 2451 694 2512 exhibuit
725 2452 983 2529 Aristophanes,
1014 2466 1081 2512 non
1110 2453 1181 2514 ioco
1210 2453 1343 2512 tantum
1373 2452 1505 2512 vocavit

265 2566 460 2640 versutum,
495 2563 664 2642 fallacem,
700 2564 916 2627 artificiorum
949 2564 1214 2627 meretriciorum
1248 2565 1505 2642 peritissimum,

264 2679 327 2739 sed
350 2677 500 2739 moribus
522 2679 664 2754 publicis
681 2694 798 2740 revera
812 2681 884 2740 tam
893 2679 1053 2741 infestum
1065 2679 1205 2740 ducebat
1217 2694 1318 2753 quam
1332 2680 1503 2741 Socratem

264 2808 372 2854 sanae
396 2793 519 2854 civium
543 2794 659 2854 menti.

312 2906 433 2967 Melius
469 2923 569 2983 qnam
605 2923 682 2969 cum
716 2907 883 2985 Euripide,
920 2908 1033 2983 agitur
1066 2923 1141 2969 cum
1175 2906 1385 2984 mulieribus,
1421 2923 1504 2983 quas

263 3036 406 3083 causam
426 3037 522 3084 suam
543 3023 761 3085 festivissime
780 3024 915 3084 orantes
933 3023 1011 3084 fecit
1029 3022 1186 3084 comicus.
1206 3022 1330 3083 Fabula
1345 3023 1504 3083 nimirum

264 3137 417 3211 vetusta,
453 3151 536 3208 quae
570 3138 643 3197 1111
677 3136 717 3197 de
746 3136 899 3197 Pandora
925 3136 996 3197 sive
1020 3135 1110 3197 alma
1137 3138 1247 3196 terrae
1278 3136 1353 3211 dea,
1377 3138 1504 3197 sensim

264 3249 403 3310 mutata
432 3248 620 3323 iterumque
650 3250 782 3311 mutata
812 3264 851 3310 co
874 3249 1013 3322 denique
1037 3248 1177 3325 abierat,
1202 3251 1240 3309 ut
1257 3249 1365 3325 prima
1387 3250 1505 3311 mulier

265 3362 408 3437 abrepta
430 3362 541 3423 studio
564 3363 679 3438 ignota
702 3362 965 3439 deprehendendi
987 3361 1113 3423 morbis
1132 3361 1296 3435 malisque
1313 3363 1355 3423 ad
1366 3365 1506 3425 miseros

264 3476 433 3537 mortales
477 3475 607 3538 aditum
652 3476 849 3551 patefecisse
895 3477 1093 3551 crederetur,
1138 3477 1172 3537 et
1213 3476 1348 3551 plurimi
1389 3480 1504 3552 poetae

268 3606 311 3666 ,a
336 3589 472 3651 feminis
494 3590 621 3651 malum
647 3590 780 3651 ortum”
805 3590 1003 3651 cecinerant.
1028 3589 1117 3664 Quae
1140 3604 1241 3662 quam
1260 3589 1377 3666 stulta,
1403 3606 1503 3663 quam

264 3704 385 3777 iniqua
414 3703 461 3765 sit
490 3705 661 3765 sententia
684 3704 918 3765 demonstrant
939 3703 1098 3765 mulieres
1120 3704 1154 3762 in
1177 3703 1344 3765 Bonarum
1368 3705 1505 3765 dearum

264 3817 396 3894 templo
424 3820 654 3894 congregatae.
685 3819 733 3891 ,Α
756 3819 877 3891 quovis
899 3816 1105 3893 culpamur’',
1130 3817 1179 3878 sic
1201 3818 1236 3877 ln
1258 3818 1433 3879 interludio
1456 3819 1505 3879 ait

265 3932 364 3992 chori
386 3931 455 3992 dux
478 3932 519 3993 ad
543 3933 750 4006 spectatores
774 3946 953 3993 conversa:
980 3946 1093 4005 ,mera
1116 3930 1375 4008 maledicimur,
1395 3932 1504 3992 luctus

267 4048 326 4121 ,et
357 4045 596 4118 discordiarum
622 4047 657 4105 et
679 4044 842 4106 bellorum
865 4059 968 4106 causa
990 4044 1122 4119 etquid
1144 4047 1227 4105 non!
1251 4046 1297 4105 At
1319 4046 1452 4106 tantum
1475 4046 1504 4105 si

266 4159 422 4236 ,malum
454 4174 587 4234 sumus,
619 4175 678 4221 cur
708 4174 832 4220 uxores
862 4160 1040 4221 ducimur?
1064 4158 1128 4219 Our
1151 4161 1307 4219 vetamur
1324 4159 1413 4220 foras
1435 4175 1504 4234 pro·

267 4273 386 4348 ,diret
416 4273 534 4335 Mulier
565 4288 640 4335 cum
670 4273 782 4349 abest,
806 4274 961 4335 irascitur
985 4274 1144 4334 maritus:
1169 4275 1248 4348 quin
1271 4274 1393 4349 gaudet
1415 4275 1504 4335 malo

267 4387 348 4461 ,illo
372 4386 608 4463 aliquantisper
626 4388 781 4481 remoto?
803 4387 829 4448 E
853 4387 1000 4448 fenestra
1022 4390 1298 4464 prospectemus?
1319 4388 1506 4463 suspiciunt

267 4516 426 4575 ,omnes;
447 4502 568 4575 pudore
579 4501 726 4562 suffusae
746 4516 822 4562 eum
842 4501 1044 4577 recedimus,
1065 4501 1115 4561 illi
1133 4504 1311 4576 expectant
1323 4502 1502 4564 anmalum

269 4614 372 4689 ,illud
407 4614 509 4675 etiam
543 4614 589 4675 sit
621 4613 840 4689 proditurum.
870 4614 996 4688 Nempe
1026 4614 1133 4675 multo
1162 4614 1267 4690 pluris
1296 4628 1357 4675 nos
1386 4629 1504 4675 sumus

269 4743 393 4802 ,quam
427 4727 483 4800 qui
517 4729 588 4787 tam
617 4728 757 4802 superbe
786 4728 821 4788 in
852 4741 913 4787 nos
943 4726 1141 4787 invehimini
1171 4727 1251 4801 viri;
1275 4726 1373 4801 probe
1395 4729 1503 4788 nostis

268 4842 368 4918 ,ipsi,
394 4841 474 4902 licat
496 4841 679 4917 praefracte
702 4841 882 4916 denegetis.
906 4840 973 4902 Res
995 4840 1068 4902 luce
1092 4839 1242 4901 clarior.”
