4067 5950
698 804 778 848 vrnn
800 805 840 849 sn
863 804 1034 853 ornamus.
1422 791 1483 852 163

246 974 350 1047 agat3
368 973 532 1035 scelestus
552 980 665 1035 autern
685 974 811 1037 delator
831 975 966 1048 quidam
986 976 1037 1035 ira
1052 975 1163 1050 prodit
1182 975 1354 1052 efferatus,
1367 977 1486 1053 quippe

245 1088 310 1160 qui
346 1088 471 1162 rapinis
501 1087 639 1163 dilapsis
671 1103 795 1163 egenus
824 1089 1004 1165 derepente
1034 1089 1189 1151 evaserit.
1221 1089 1353 1165 Optima
1385 1091 1487 1166 igitur

246 1202 339 1261 haec
362 1201 489 1262 omnia?
521 1201 563 1262 Et
592 1201 627 1261 in
650 1201 782 1263 fabulae
806 1203 899 1263 exitu
924 1201 1004 1264 deus
1028 1218 1151 1278 pompa
1174 1203 1329 1264 sollemni
1353 1207 1387 1266 et
1410 1219 1488 1266 vere

245 1315 500 1390 Aristophaneo
528 1330 546 1375 e
576 1313 746 1389 chramyli
778 1316 916 1377 aedibus
943 1332 1092 1390 -quae
1126 1331 1207 1378 auro
1238 1317 1307 1378 iam
1331 1321 1363 1379 et
1388 1317 1486 1380 ebore

245 1431 349 1490 totae
378 1428 655 1506 resplendent-
682 1431 856 1492 deducitur
887 1431 920 1491 in
950 1447 1061 1492 arcem
1093 1432 1316 1510 Athenarum,
1349 1435 1487 1509 posthac

246 1543 297 1603 ibi
323 1542 537 1605 habitaturus
560 1544 681 1622 denuo,
705 1547 744 1606 ut
767 1545 906 1606 Periclis
929 1548 1040 1607 aetate
1064 1546 1294 1609 habitavit...

297 1658 365 1718 Sed
395 1658 472 1732 quid
502 1660 575 1718 tum
606 1660 747 1734 postea?
778 1659 910 1720 Satisne
940 1658 1041 1719 multi
1064 1661 1151 1721 inter
1174 1660 1336 1722 mortales
1360 1676 1486 1722 manae·

246 1775 335 1834 runt
367 1771 523 1848 improbi,
559 1773 615 1847 qui
648 1773 683 1833 in
716 1788 814 1834 usum
849 1772 1026 1849 proborum
1061 1773 1270 1835 laborarent?
1312 1775 1362 1836 An
1397 1775 1487 1836 solas

246 1887 408 1947 Athenas
437 1885 571 1946 visurus
602 1888 655 1947 est
683 1887 877 1963 opulentiae
908 1887 989 1948 deus
1020 1889 1054 1947 et
1077 1887 1111 1946 in
1135 1887 1206 1948 sola
1229 1887 1486 1949 Atheniensium

246 2001 393 2061 civitate
417 2000 546 2061 cunctis
569 2003 628 2062 aut
649 2001 842 2062 hominibus
865 2004 922 2062 aut
946 2001 1075 2062 civibus
1099 2001 1211 2062 licebit
1234 2001 1343 2063 beatis
1364 2000 1487 2077 probis-

247 2127 316 2188 que
342 2114 464 2175 otiari?
488 2115 539 2174 An
553 2161 562 2176 .
576 2158 583 2175 .
599 2114 720 2188 .quid?
743 2113 912 2175 Hariolari
934 2113 1031 2190 licet,
1055 2129 1121 2174 non
1141 2116 1253 2191 potest
1271 2114 1487 2189 probabiliter

247 2228 457 2304 responderi.
492 2227 663 2288 Proluitne
698 2228 801 2303 igitur
836 2228 950 2302 generi
985 2227 1133 2288 humano
1166 2229 1361 2289 restitutum
1392 2228 1489 2289 Pluto

248 2341 429 2403 oculorum
453 2356 608 2418 acumen,
634 2356 677 2401 an
700 2342 838 2402 nocuit?
860 2341 902 2401 llt
924 2341 1045 2402 bonum
1066 2341 1145 2414 quid
1164 2341 1225 2424 sit,
1245 2341 1323 2416 quid
1343 2341 1483 2418 malum,

249 2470 322 2530 qua
347 2455 477 2517 ratione
501 2471 565 2530 quo
588 2454 723 2516 modulo
747 2455 886 2530 posthac
909 2453 1094 2516 efficietur?
1117 2455 1190 2516 Non
1213 2455 1329 2531 liquet.

298 2604 343 2613 -
371 2569 544 2646 ,comicus
566 2584 633 2630 non
656 2571 709 2630 est
731 2569 918 2630 obruendus
941 2568 1191 2644 quaestionibus
1214 2569 1383 2632 molestis!
1414 2570 1486 2630 Non

250 2687 331 2760 ,est
353 2683 500 2745 hominis
523 2683 708 2759 prudentis,
734 2683 768 2742 in
791 2681 855 2743 fine
875 2682 1002 2758 lepidae
1020 2682 1152 2744 fabulae
1171 2698 1288 2758 rogare
1307 2698 1486 2758 quemnam

250 2799 458 2874 ,decursum
499 2799 618 2873 postea
659 2797 836 2858 habuerint
877 2811 944 2873 res,
987 2797 1027 2858 de
1062 2797 1180 2870 quibus
1213 2802 1388 2860 narratum
1423 2798 1487 2860 sibi

250 2912 403 2989 „luerit”
417 2956 425 2974 .
440 2958 448 2976 .
462 2956 470 2974 .

295 3028 395 3088 Itane
418 3025 542 3087 nostris
564 3026 712 3102 ipsorum
736 3024 848 3086 verbis
871 3026 1115 3087 admonemur?

295 3142 373 3203 Non
395 3156 553 3215 rogamus
576 3140 659 3202 talia
673 3140 714 3207 ,in
734 3140 827 3201 exitu
847 3140 979 3201 fabulas
998 3142 1109 3202 tersae
1128 3144 1162 3202 et
1181 3142 1355 3219 rotundae,
1376 3141 1485 3215 qualis

246 3260 303 3317 est
341 3256 449 3330 Aves;
483 3256 518 3315 in
546 3270 613 3330 qua
642 3256 721 3317 licet
750 3254 941 3316 ioculariter
964 3253 1042 3316 ficta
1065 3258 1099 3315 et
1120 3271 1258 3332 prorsus
1280 3256 1485 3317 incredibilia
1613 3326 1615 3332 ¹

247 3370 322 3431 sint
347 3370 472 3447 omnia,
505 3371 577 3430 veri
598 3372 712 3430 tamen
736 3370 846 3445 specie
869 3369 1013 3443 quadam
1036 3368 1235 3447 pellicimur,
1261 3384 1367 3443 neque
1390 3370 1485 3431 habe·

247 3500 330 3545 mus
362 3486 447 3558 quod
479 3498 656 3559 carpamus
685 3484 719 3543 in
750 3497 862 3544 rerum
891 3483 1109 3556 quantumvis
1133 3483 1353 3544 absurdarum
1377 3499 1486 3546 narra·

248 3600 344 3659 tione
375 3598 501 3673 optime
524 3597 726 3658 cohaerenti.
754 3596 816 3657 Sed
841 3598 931 3657 certo
954 3595 994 3655 de
1018 3598 1218 3670 argumento
1243 3611 1317 3657 oum
1342 3596 1486 3673 disputa-

248 3715 317 3789 tur,
351 3711 384 3772 id
414 3712 500 3786 quod
531 3711 565 3771 in
593 3711 807 3771 Feminarum
831 3708 974 3786 Imperio
998 3710 1200 3770 estfactum
1225 3712 1259 3770 et
1282 3724 1369 3771 nunc
1391 3710 1430 3771 fit
1452 3712 1486 3771 in

248 3826 367 3902 Pluto,
398 3840 465 3885 non
488 3827 597 3887 solum
621 3826 858 3902 disputationis
881 3829 1032 3886 tenorem
1057 3839 1256 3900 cognoscere
1278 3825 1431 3901 cupimus
1454 3829 1487 3886 et

249 3940 421 4016 persequi,
457 3940 515 4000 sad
549 3941 652 4001 etiam
686 3942 783 4006 scire,
807 3954 871 4014 quo
901 3942 1101 4015 perventum
1133 3941 1178 4001 sit
1209 3940 1361 4014 denique.
1394 3939 1486 4000 Tunc

248 4055 393 4115 minime
424 4055 488 4115 fuit
518 4054 695 4116 obscurum
719 4055 796 4129 quid
819 4056 944 4116 diceret
966 4057 1079 4130 poeta:
1107 4070 1308 4115 vesanorum
1333 4053 1487 4114 videlicet

249 4185 326 4229 esse
351 4169 540 4246 hominurn,
572 4184 686 4230 rerum
709 4169 979 4230 communionem
1004 4170 1135 4243 optare;
1159 4202 1199 4213 —-
1220 4184 1326 4242 neque
1348 4168 1435 4228 dixit
1452 4168 1484 4227 id

250 4287 403 4360 tanturn,
427 4283 486 4344 sed
510 4284 599 4344 etin
622 4283 695 4359 ipsa
717 4283 831 4344 sabula
853 4282 1039 4344 luculenter
1062 4282 1217 4342 ostendit.
1241 4281 1334 4342 Nunc
1357 4297 1487 4356 quoque

251 4399 381 4458 scimus
410 4396 487 4470 quid
518 4397 622 4457 dicat:
648 4397 786 4473 bonum,
819 4411 882 4456 non
907 4393 1034 4456 malum
1059 4410 1133 4455 esse
1156 4398 1404 4470 paupertatem3
1428 4395 1486 4455 sed

252 4528 270 4572 e
302 4510 416 4572 fabula
446 4509 532 4571 effici
561 4511 594 4570 id
624 4511 749 4585 nequit.
787 4541 828 4552 —
867 4508 1030 4586 ,Abigitis
1061 4523 1116 4569 me
1146 4523 1226 4568 mox
1258 4508 1486 4570 revocaturil”

253 4627 380 4687 clamat
411 4626 473 4687 dea
501 4625 639 4687 Laboris
670 4626 771 4686 minis
801 4626 983 4699 iurgiisque
1011 4623 1148 4700 cedens,
1174 4623 1229 4683 sed
1255 4623 1324 4684 iore
1348 4625 1384 4684 ut
1406 4638 1487 4684 mox

253 4742 430 4800 revocetur
458 4755 525 4802 non
556 4742 608 4800 est
636 4742 721 4814 quod
752 4742 925 4815 putemus3
953 4740 1059 4799 immo
1089 4738 1123 4797 in
1152 4738 1355 4799 contrarium
1377 4738 1487 4798 tendit

254 4853 387 4915 fabulae
418 4869 496 4931 pars
518 4857 698 4930 postrema.
722 4854 793 4914 Nisi
816 4855 949 4914 Plutum
975 4852 1138 4913 eiusmodi
1161 4867 1282 4928 pompa
1300 4853 1332 4912 in
1357 4866 1486 4926 acropo-
