4067 5950
560 777 603 836 to
1081 791 1124 838 nr
1146 791 1274 839 rorans

556 962 948 1028 Marathonomechorum
980 963 1064 1026 nihil
1093 965 1238 1027 tortasse
1268 965 1301 1026 in
1326 981 1438 1028 rernm
1462 969 1582 1028 natura
1605 969 1708 1030 etiam
1732 969 1785 1029 ob-

560 1095 694 1140 scurum
719 1079 796 1154 erit,
819 1078 902 1138 nihil
926 1079 1010 1151 quod
1035 1079 1234 1155 disputando
1258 1095 1324 1140 non
1348 1081 1454 1156 possit
1476 1081 1622 1158 probari,
1645 1083 1703 1144 sed
1724 1083 1786 1143 leto

561 1198 660 1268 utque
691 1191 848 1254 oblivioni
879 1192 908 1252 si
939 1193 1137 1265 quantocius
1167 1195 1248 1254 tnnc
1278 1195 1375 1255 detur
1405 1209 1487 1270 gens
1517 1195 1619 1256 nimis
1642 1197 1784 1272 sapiens,

562 1307 685 1381 optime
709 1305 748 1367 de
772 1319 812 1366 ea
835 1307 948 1366 ectum
972 1305 1046 1367 erit.

606 1423 743 1483 Poetam
785 1419 1012 1494 indignatione
1053 1419 1238 1481 ferventem
1276 1421 1439 1498 proripuit
1471 1422 1669 1484 animus...
1704 1427 1738 1484 et
1770 1439 1786 1482 e

560 1535 703 1612 simplici
731 1535 929 1609 argumento
954 1511 1120 1609 procrevit
1144 1533 1257 1596 tabula
1280 1535 1415 1614 festiva,
1446 1537 1634 1614 ingeniosa,
1666 1538 1786 1612 optime

561 1652 750 1710 cohaerens.
783 1647 821 1707 In
852 1645 1121 1709 Achemensibus
1152 1663 1237 1722 quae
1266 1646 1390 1710 flebant
1416 1653 1454 1712 nt
1477 1651 1547 1712 veri
1569 1651 1695 1713 similia
1716 1667 1786 1728 pos·

561 1768 636 1825 sent
658 1762 786 1837 haberi,
810 1760 1053 1838 Aristophanes
1072 1776 1114 1822 ns
1133 1761 1311 1823 minimam
1329 1763 1462 1836 quidem
1481 1764 1616 1826 dederat
1634 1781 1784 1842 operam3
1863 1748 1864 1779 ¹

563 1879 596 1938 in
620 1876 792 1950 Equitibus
824 1875 879 1948 qui
902 1874 1087 1950 primarum
1111 1877 1183 1936 erat
1204 1876 1349 1952 partium
1373 1879 1537 1951 quomodo
1560 1894 1577 1939 e
1600 1878 1786 1956 flagitiosis

561 1993 647 2053 simo
678 1988 841 2050 nebulone
863 1987 957 2050 fleret
979 1988 1102 2066 probus
1126 1991 1159 2050 et
1180 1989 1325 2066 prudens
1348 1990 1396 2050 rei
1418 1990 1567 2066 publicae
1589 1993 1785 2067 moderator,

563 2119 603 2166 ne
626 2103 789 2181 suspicari
812 2102 943 2178 quidem
968 2105 1122 2180 poterant
1144 2106 1367 2179 spectatorss;
1391 2103 1535 2165 Nubium
1558 2119 1636 2166 vero
1658 2105 1786 2167 fabulae

562 2231 639 2292 pars
661 2217 754 2278 nulla
778 2216 1009 2292 neglegentius
1034 2220 1087 2278 est
1109 2217 1270 2278 conlecta.
1295 2216 1419 2293 Quippe
1440 2233 1583 2294 regnans
1606 2219 1674 2280 iam
1692 2223 1788 2296 poeta

560 2331 593 2390 in
628 2346 690 2391 sua
724 2331 795 2391 arte
829 2331 993 2404 quaslibet
1031 2331 1283 2405 compositionis
1317 2333 1351 2392 et
1388 2331 1541 2392 dictionis
1575 2331 1786 2394 difficultates

560 2445 702 2506 ludendo
733 2444 929 2520 superabat,
961 2446 994 2505 et
1017 2459 1100 2518 quas
1122 2443 1228 2504 semel
1252 2445 1341 2504 intra
1363 2459 1474 2508 rerum
1496 2443 1650 2506 fictarum
1674 2447 1786 2507 orbern

559 2559 707 2618 traxerat
745 2561 971 2633 spectatorum
1006 2559 1138 2618 mentes
1173 2555 1315 2618 firmiter
1349 2573 1454 2632 usque
1489 2558 1672 2636 detinebat,
1708 2560 1786 2620 dum

557 2671 669 2731 fabula
703 2671 803 2732 alacri
839 2671 1066 2745 aequabillque
1100 2685 1217 2745 gressu
1252 2671 1324 2731 sine
1359 2671 1501 2733 saltibus
1534 2672 1785 2733 violentioribus

558 2785 599 2845 ad
623 2782 723 2845 linem
747 2784 957 2860 properabat.

601 3015 827 3091 Strepsiadem
859 3016 987 3089 patrem
1018 3012 1166 3074 familias
1196 3012 1238 3073 ad
1269 3013 1389 3074 incitas
1418 3014 1540 3075 dudum
1571 3013 1699 3088 redegit
1719 3014 1784 3074 bel·

555 3130 640 3205 lum,
676 3130 809 3203 iamque
839 3143 927 3190 nova
957 3128 987 3189 ei
1023 3128 1157 3202 negotia
1190 3127 1364 3188 lacessivit
1397 3126 1486 3189 lilius
1519 3142 1621 3200 equos
1654 3126 1783 3188 alendo.

555 3243 662 3317 Equos
692 3243 821 3304 scilicet
855 3241 959 3319 patris
990 3242 1081 3316 parci
1113 3243 1213 3314 atque
1243 3240 1344 3302 sobrii
1374 3238 1478 3317 filius,
1509 3240 1661 3301 modesta
1690 3242 1784 3300 ortus

553 3355 772 3431 agricolarum
796 3359 907 3431 gente,
932 3354 1017 3415 satis
1041 3353 1120 3414 olim
1143 3354 1333 3430 beatorum,
1359 3356 1438 3414 dum
1463 3370 1528 3429 pax
1551 3356 1623 3415 erat
1643 3356 1676 3414 et
1697 3355 1783 3415 inco·

551 3470 656 3530 lumia
682 3469 817 3530 stabant
846 3468 959 3528 Attica
990 3466 1138 3543 praedia,
1163 3466 1222 3527 sed
1246 3467 1374 3527 atastu
1397 3467 1490 3527 inani
1512 3482 1612 3541 quam
1636 3468 1784 3528 maxime
1859 3519 1861 3558 .

553 3584 746 3645 alienorum.
777 3581 904 3656 Nempe
935 3596 955 3640 a
986 3582 1096 3641 matre
1127 3580 1231 3641 nobili
1261 3583 1296 3642 et
1327 3582 1414 3643 vitae
1445 3580 1593 3641 urbanae
1621 3580 1785 3641 innutrita

552 3697 613 3758 hoc
644 3696 743 3758 habet
773 3697 871 3770 pueri
905 3693 988 3769 Quin
1013 3694 1094 3755 adeo
1119 3709 1292 3755 versuram
1316 3695 1408 3771 lecit,
1433 3694 1566 3767 iamque
1587 3694 1692 3754 instat
1714 3694 1784 3754 dies

552 3827 617 3886 qua
650 3810 811 3870 solvenda
846 3810 943 3869 erunt
977 3808 1106 3884 fenora,
1140 3823 1246 3882 neque
1280 3810 1411 3870 nummi
1441 3811 1574 3885 praesto
1604 3810 1684 3869 sunt
1714 3808 1783 3868 ulli.

550 3925 711 3985 Somnum
735 3924 809 3984 seni
829 3922 1004 3983 excutiunt
1027 3935 1126 3982 curae
1149 3922 1281 3997 edaces,
1312 3923 1426 3996 itaque
1455 3924 1553 3983 nocte
1575 3922 1644 3982 iam
1667 3922 1783 3982 intem·

549 4041 645 4114 peste
675 4039 754 4098 ante
784 4037 921 4097 domum
946 4050 1045 4096 suam
1071 4037 1226 4095 versatur
1250 4034 1380 4095 consilli
1404 4036 1509 4109 inops.
1534 4035 1681 4096 Tandem
1706 4035 1783 4095 inci-

551 4153 600 4213 dit
634 4152 664 4212 ei
698 4149 877 4211 consilium
919 4148 1088 4209 salutare:
1131 4147 1172 4207 ab
1207 4148 1280 4223 ipso
1314 4146 1398 4224 filio,
1434 4149 1489 4223 qui
1525 4150 1574 4209 rei
1608 4147 1784 4209 familiaris

551 4264 709 4341 prodigus
743 4264 815 4322 tam
850 4261 990 4321 licenter
1027 4259 1169 4320 indulsit
1203 4262 1315 4336 genio,
1360 4261 1500 4321 salebris
1535 4262 1616 4337 eripi
1649 4262 1783 4337 poterit.

551 4378 647 4438 Adibo
665 4376 722 4436 ille
741 4375 830 4435 viros
849 4374 976 4448 doctos,
998 4373 1105 4445 quiin
1122 4373 1318 4434 Meditaculo
1339 4373 1491 4434 habitant
1510 4373 1591 4449 illic,
1612 4374 1782 4435 Socratem

440 4493 442 4499 ’
549 4489 835 4564 Chaerephontem
866 4489 1005 4547 ceteros.
1034 4486 1083 4545 ibi
1110 4488 1199 4546 enim
1224 4486 1364 4548 discitur
1386 4486 1552 4561 quomodo
1573 4486 1613 4548 de
1636 4487 1783 4560 qualibet

548 4619 584 4665 re
612 4604 647 4662 in
677 4604 851 4675 utramque
881 4602 1012 4675 partem
1043 4600 1153 4674 possit
1183 4601 1348 4677 disputari
1372 4605 1405 4661 et
1427 4614 1482 4660 res
1504 4599 1641 4662 debilior
1664 4600 1782 4675 quibus

550 4716 725 4777 verborum
756 4712 905 4774 artificiis
935 4712 995 4773 fiat
1020 4711 1157 4773 firmior.
1183 4714 1232 4773 Ex
1254 4713 1314 4773 illa
1336 4712 1509 4788 disciplina
1532 4728 1605 4774 cum
1631 4714 1780 4787 redierit,

549 4826 764 4890 creditoribus
787 4826 868 4887 nihil
893 4842 930 4888 se
953 4826 1070 4888 debere
1093 4828 1180 4887 haud
1205 4826 1377 4888 difficulter
1401 4826 1541 4887 evincet.
