4067 5950
545 772 611 832 220
1061 786 1103 831 nn
1126 785 1254 832 amnis.

591 958 693 1035 Quem
718 973 877 1019 versuum
898 957 1027 1019 exitum
1047 958 1162 1021 sedulo
1181 959 1331 1021 vitarunt
1343 961 1572 1039 poetaeepici:
1591 956 1604 1039 ΙΙ
1620 988 1751 1036 onnon,

544 1087 621 1133 eum
634 1072 875 1147 Aristophanes
885 1071 919 1132 in
932 1076 1131 1146 anapaestos
1143 1075 1359 1136 tetrametroa
1370 1075 1515 1152 admisit,
1528 1090 1604 1136 raro
1615 1076 1718 1135 tamen
1729 1072 1753 1143 ¹).
1836 1074 1837 1087 ¹

590 1297 636 1358 Ut
666 1299 701 1359 in
731 1301 841 1359 metro
870 1299 1044 1375 dactylico,
1076 1299 1125 1361 sic
1155 1300 1189 1361 in
1222 1302 1415 1376 anapaestis
1445 1300 1535 1376 longi
1564 1302 1636 1363 soni
1659 1299 1755 1361 finales

546 1412 622 1471 ante
646 1410 795 1471 vocalem
819 1427 879 1488 pro
902 1413 1059 1474 brevibus
1082 1412 1263 1474 hahentur:
1287 1410 1411 1492 εὔχομαι
1433 1413 1470 1491 εἰ,
1490 1414 1680 1493 Θεμιστοκλεῖ
1692 1410 1757 1472 ἀνα
1840 1494 1841 1497 ¹

546 1525 685 1602 φιρίζιις,
707 1524 841 1604 Χαιρέου
864 1527 945 1603 υἱός,
968 1523 1141 1604 Κλεισθένη
1165 1520 1248 1588 εἶδον
1263 1522 1295 1598 ²).

984 1774 1006 1845 8
1028 1770 1064 1830 9.
1087 1770 1141 1830 De
1162 1769 1338 1845 dactylis.

592 1962 803 2025 Uberrimam
834 1964 966 2026 iocandi
996 1966 1171 2029 materiem
1199 1967 1355 2041 quoniam
1379 1966 1515 2028 comicie
1537 1966 1688 2043 praebuit
1707 1980 1759 2025 car·
1796 2046 1798 2053 Ι

548 2076 677 2135 minum
708 2077 862 2151 gravium
893 2079 1053 2157 imitatio,
1085 2079 1186 2142 etiam
1217 2096 1335 2142 versus
1365 2082 1475 2159 epicos
1505 2096 1605 2158 saepe
1626 2081 1761 2142 imitatus

547 2192 600 2249 est
630 2190 882 2271 Aristophanes,
914 2194 955 2255 ad
984 2194 1161 2269 sortilegos
1191 2194 1406 2271 potissimum
1429 2196 1627 2271 irridendos,
1651 2197 1759 2256 ettam

547 2302 687 2366 feliciter
718 2311 770 2368 est
799 2309 953 2370 imitatus
982 2313 1020 2371 ut
1043 2310 1227 2372 luculenter
1249 2315 1408 2387 appareat
1430 2312 1543 2388 poesin
1566 2311 1760 2374 Homericam

548 2424 581 2483 in
607 2432 744 2485 succum
769 2424 800 2483 ei
823 2439 940 2486 revera
963 2427 997 2487 et
1021 2424 1218 2499 sanguinem
1242 2425 1383 2486 vertisse
1399 2420 1433 2497 8).

593 2543 828 2604 Pentametros
859 2541 915 2613 qui
945 2539 1009 2600 dici
1040 2538 1163 2616 solent,
1193 2539 1340 2601 comicus
1362 2540 1396 2600 in
1419 2538 1541 2601 tabulis
1563 2553 1648 2613 quas
1670 2550 1763 2611 super·

549 2659 629 2718 sunt
659 2655 770 2716 nullos
800 2654 881 2715 iecit
895 2650 930 2731 ⁴),
962 2668 1061 2716 veras
1089 2654 1306 2730 pentapodias
1335 2653 1518 2728 dactylicas
1541 2668 1664 2728 paucas
1685 2665 1763 2725 quae·

549 2772 640 2846 dam,
665 2785 693 2832 e.
718 2786 767 2846 g.:
1664 2742 1668 2750 ⁵

795 2879 878 2959 ὄμμα
900 2880 957 2961 γὰρ
980 2877 1107 2959 abdicor
1129 2879 1286 2959 ἀκάματον
1310 2884 1475 2960 σελαγεῖται
1490 2874 1523 2952 ⁶).

595 3000 661 3060 Nec
691 3013 757 3058 non
788 2997 992 3058 brevioribus
1022 2996 1182 3057 memhris
1212 2995 1383 3071 dactylicis
1405 2996 1514 3058 locum
1538 2995 1630 3057 dedit
1649 2995 1682 3055 in
1703 3005 1762 3052 can-

550 3112 639 3189 ticis,
672 3127 769 3187 saepe
800 3127 876 3173 cum
900 3111 1065 3173 trochaeis
1088 3111 1239 3185 dactylos
1262 3111 1307 3172 ibi
1329 3113 1471 3186 iungens
1494 3125 1585 3171 more
1609 3111 1764 3187 poetarum
1848 3147 1852 3175 ,

552 3227 732 3301 lyricorum
746 3220 779 3298 ⁸).

969 3390 990 3461 5
1012 3385 1069 3446 10.
1091 3385 1146 3445 De
1169 3384 1366 3445 dochmiis.

598 3583 737 3642 histrum
762 3582 990 3643 dochmiacum
1016 3583 1184 3657 proprium
1209 3582 1261 3642 est
1283 3581 1482 3657 tragoediae,
1506 3581 1561 3641 ubi
1585 3582 1619 3640 in
1642 3577 1769 3641 commis

552 3696 747 3771 praesertim
768 3698 800 3756 et
820 3696 853 3755 in
873 3695 1039 3756 monodiis
1062 3695 1172 3756 locum
1193 3695 1303 3757 habet.
1324 3695 1361 3754 In
1381 3694 1550 3755 comoedia
1568 3709 1634 3754 non
1654 3691 1768 3754 adhihe-
1854 3757 1855 3768 ,

587 3897 672 3963 1)19(].
691 3903 750 3963 519,
769 3903 827 3960 iit,
843 3903 890 3950 188
908 3903 975 3950 suh.
995 3904 1053 3960 851,
1070 3905 1118 3950 858
1130 3904 1207 3962 vesp.
1227 3904 1285 3956 885,
1303 3901 1362 3960 595,
1380 3903 1429 3949 698
1447 3914 1496 3959 eq..
1513 3902 1578 3948 1991
1593 3903 1640 3947 Ar.
1657 3901 1713 3956 515,
1722 3897 1770 3952 555,

552 3982 611 4043 681,
634 3983 692 4042 695,
717 3984 767 4029 699
790 3982 851 4041 Lys.
875 3983 924 4030 598
948 3983 1053 4030 Thesm.
1078 3983 1359 4038 8991155995911,
1379 3980 1535 4038 19891951
1555 3980 1625 4027 ΕααΙ.
1644 3982 1702 4039 865,
1718 3976 1769 4029 699

550 4059 615 4108 item
633 4061 730 4109 Oratin.
748 4063 779 4108 fr.
799 4064 847 4109 149
863 4062 1013 4111 Pherecrat.
1032 4061 1103 4111 189Ιο
1120 4064 1244 4112 Teleclid.
1263 4066 1293 4110 48
1312 4063 1447 4122 Hermipp.
1467 4056 1510 4108 45³
1524 4059 1636 4106 ariston.
1651 4060 1675 4114 9,
1689 4061 1703 4104 9
1716 4055 1770 4116 (bia)

552 4142 647 4200 hietag.
666 4142 680 4187 9
698 4143 810 4200 Arieteg.
830 4145 852 4188 1.
870 4143 992 4202 Oorrupti
1010 4147 1072 4190 aunt
1089 4144 1193 4190 Theam.
1212 4145 1261 4189 899
1278 4143 1348 4189 Eocl.
1367 4143 1424 4190 981.
1441 4143 1480 4190 01.
1499 4141 1578 4187 etiam
1597 4141 1629 4186 rr.
1647 4140 1703 4186 689.

587 4216 608 4280 ²)
625 4222 712 4268 Etiam
726 4223 753 4267 in
771 4221 851 4269 ionico
866 4226 950 4268 metro
965 4223 1038 4283 apud
1055 4225 1184 4270 comicum
1202 4224 1279 4282 Vesp.
1295 4223 1353 4279 891,
1363 4223 1421 4278 191,
1429 4224 1460 4269 ut
1467 4222 1510 4268 hic
1519 4220 1574 4267 iilic
1583 4217 1655 4280 apud
1663 4214 1771 4276 magicos.

586 4297 607 4361 ³)
626 4301 665 4349 01.
697 4301 745 4358 aq.
779 4303 922 4362 197-101,
954 4303 1121 4350 1915-1995
1152 4303 1213 4349 Pae.
1242 4302 1384 4359 199-198,
1412 4302 1589 4356 loca-1114,
1617 4294 1769 4346 1919-1891

553 4383 598 4429 hv.
615 4382 750 4428 967-988
768 4381 828 4440 Lys.
847 4382 981 4429 tto-tto
999 4383 1063 4429 Ran.
1081 4383 1225 4437 914-899,
1242 4382 1386 4438 ete-eta,
1406 4372 1769 4434 1588-158811.9,19,111.

493 4494 497 4501 .
586 4457 607 4516 ⁴)
624 4461 710 4507 Alieni
732 4461 793 4507 hinc
821 4465 884 4507 aunt
906 4461 974 4507 Nnb.
1000 4462 1064 4508 1158
1089 4474 1140 4520 sq.;
1165 4461 1212 4508 sed
1237 4460 1320 4521 potuit
1346 4460 1534 4519 Aristophanes
1560 4457 1601 4519 (ut
1626 4453 1771 4515 huciphmee

552 4540 584 4586 fr.
604 4540 665 4598 119)
684 4538 798 4587 disticha
816 4541 933 4599 elegiaca
947 4540 1047 4599 lingere
1062 4542 1089 4586 in
1104 4541 1227 4587 dramatis
1242 4539 1395 4598 deperditis,
1405 4540 1519 4597 tragicos
1528 4538 1656 4597 imitatus,
1664 4534 1771 4594 quonism

552 4619 692 4679 Euripides
710 4620 839 4668 eiusmodi
852 4620 973 4667 versibus
986 4633 1051 4667 nans
1063 4623 1104 4667 est
1119 4619 1241 4667 Androm.
1258 4621 1399 4666 198-119,
1417 4617 1530 4682 Affertur
1539 4621 1626 4664 antem
1636 4610 1771 4664 Archilochi

553 4698 684 4747 distichon
703 4701 762 4746 Pae.
782 4701 855 4747 1299.

586 4775 609 4842 ⁵)
626 4778 693 4827 Nub.
713 4779 803 4825 285:
814 4780 872 4825 809.
889 4779 929 4827 dr.
944 4780 1023 4825 etiarn
1041 4778 1108 4826 Ναὶ).
1127 4779 1175 4825 519
1193 4775 1257 4824 Rau.
1277 4777 1334 4824 919,

587 4854 609 4921 ⁰)
627 4857 666 4906 91.
685 4869 745 4917 pag.
764 4859 823 4914 116,
842 4859 866 4904 6.
