4067 5950
568 771 634 835 2‘12
1005 786 1048 833 ur
1070 787 1180 833 raxru
1203 787 1357 835 rasurro.

568 960 772 1037 Quapropter
805 974 849 1022 ne
880 960 914 1022 id
948 959 1081 1035 quidem
1111 961 1205 1023 iuvat
1234 960 1415 1038 inquirere,
1445 963 1480 1025 in
1510 962 1652 1038 singulis
1672 962 1766 1023 rabulis

565 1076 743 1151 saepiusne
773 1077 808 1137 et
837 1074 974 1151 gravius
1004 1075 1123 1137 errarit
1152 1074 1182 1137 is
1205 1076 1262 1150 qui
1285 1074 1515 1138 &venustem
1540 1076 1721 1152 perscripsit
1738 1090 1768 1135 au

565 1188 596 1249 is
630 1190 687 1264 qui
719 1189 903 1265 venetum
937 1189 1022 1250 nihil
1057 1189 1147 1251 enim
1182 1190 1393 1251 auctoritatis
1427 1190 1476 1253 sic
1509 1191 1649 1253 alterius
1676 1189 1770 1251 rodda

565 1303 763 1366 lectionibus
797 1304 875 1366 addi
909 1303 1048 1366 alterius
1079 1303 1211 1365 detrahi
1240 1306 1364 1380 potest.
1394 1305 1432 1367 In
1462 1305 1659 1367 universum
1680 1306 1769 1365 auten

566 1416 630 1478 dici
664 1418 775 1494 potest
808 1418 872 1480 hoc
900 1432 1022 1479 unum:
1055 1416 1281 1491 frequentiora
1311 1432 1385 1480 esse
1415 1419 1498 1480 vitia
1524 1418 1657 1496 Veneti,
1679 1417 1729 1479 sed
1746 1419 1771 1476 et

564 1530 808 1605 frequentiores
840 1546 915 1593 esse
948 1530 1039 1593 locos
1074 1530 1130 1592 ubi
1160 1530 1226 1609 hic,
1259 1546 1360 1606 quam
1390 1531 1445 1593 ubi
1474 1532 1653 1594 &vennas
1678 1546 1770 1594 vernn

564 1645 722 1721 praebeat
760 1646 869 1723 solus,
911 1645 1031 1707 Veneti
1071 1644 1173 1721 igitur
1212 1646 1345 1707 textum
1380 1646 1551 1721 aliquanto
1571 1636 1687 1723 ¹pluris
1715 1660 1771 1707 esse

565 1759 765 1822 iaciendum.

609 1874 648 1935 In
670 1874 883 1936 recensendis
904 1872 1041 1950 tabulis,
1066 1887 1149 1949 quas
1172 1874 1207 1934 et
1228 1872 1256 1935 R
1279 1873 1414 1947 praebet
1436 1876 1470 1935 et
1488 1873 1527 1951 V,
1547 1874 1649 1935 ceteri
1666 1873 1770 1935 codices

564 1987 701 2063 impune
723 1986 793 2049 lere
816 1989 957 2063 possunt
979 1986 1121 2063 neglegi.
1145 1986 1230 2049 Nam
1253 1986 1350 2062 longe
1373 1987 1527 2063 plurimis
1548 1987 1633 2049 locis
1650 1987 1726 2049 alter
1739 2002 1771 2047 er

564 2100 672 2164 altero
700 2103 813 2178 potest
843 2101 1028 2179 emendari,
1054 2102 1102 2162 lia
1124 2104 1163 2162 ut
1184 2103 1343 2177 appareat
1364 2101 1448 2163 satis
1470 2095 1640 2177 integrum
1660 2104 1770 2163 textum

564 2214 721 2277 habuisse
744 2215 922 2277 amborum
945 2214 1176 2291 archetypum.
1832 2229 1838 2294 γ

609 2329 734 2404 Aprum
769 2328 811 2390 ad
845 2344 916 2390 rem
950 2327 1185 2390 illustrandam
1218 2327 1409 2403 exemplum
1443 2328 1604 2403 praebent
1631 2330 1767 2404 Equitum
1833 2301 1838 2316 ’

563 2457 681 2505 versus
704 2443 770 2506 668
794 2445 828 2504 et
848 2456 1010 2517 sequens;
1036 2442 1092 2516 qui
1114 2441 1149 2503 iu
1173 2441 1284 2503 codice
1306 2440 1336 2503 R
1358 2442 1407 2503 sic
1429 2444 1510 2505 sunt
1530 2444 1660 2518 scripti:

786 2550 872 2617 iv’oir’
900 2552 1400 2636 δκήρνξοδκλακεδαῖμονοσλέγηι

784 2664 936 2750 κνδησδ·
959 2667 1084 2748 ἀφῖκται
1106 2667 1164 2751 γὰρ
1186 2690 1256 2750 περι
1278 2665 1526 2749 σκονδῶνλέγον·

564 2785 598 2848 in
624 2785 806 2849 vantem:

788 2936 824 3004 ἵν)
850 2937 901 3004 ἀῶ
927 2938 943 3004 δ
967 2940 1065 3025 κῆρυξ
1089 2936 1146 3003 dds
1168 2925 1353 3020 leuetatpoi
1376 2937 1454 3022 λέγει
1476 2895 1537 3001 r'rdr²

785 3051 938 3136 πύθησθ’
962 3054 1089 3136 ἀφῖκται
1111 3052 1137 3137 γ’
1173 3050 1208 3116 κ’
1232 3055 1375 3117 σπονδῶν
1397 3052 1501 3136 λέγων·

606 3173 818 3250 Expunctum
862 3172 964 3248 igitur
1011 3172 1063 3234 est
1111 3169 1226 3242 τάλαν)
1275 3170 1484 3247 adverbium,
1536 3185 1601 3244 quo
1649 3168 1774 3231 violatur
1840 3249 1841 3254 ἵ

563 3289 726 3363 metrum;
757 3287 880 3348 habent
910 3287 943 3349 id
975 3287 1105 3348 codices
1134 3286 1337 3348 recentiores
1352 3281 1384 3358 ¹).
1415 3286 1541 3348 Person
1572 3289 1685 3349 autem
1712 3296 1773 3344 eun
1840 3269 1841 3272 '

561 3401 788 3478 perspexisset
821 3400 899 3475 quid
933 3400 998 3462 sibi
1032 3398 1135 3462 vellet
1163 3401 1245 3462 illud
1274 3400 1377 3478 πάλιν,
1409 3401 1528 3463 comici
1556 3400 1660 3463 rerba
1686 3398 1773 3460 sicin

561 3514 731 3592 integrum
754 3514 921 3578 restituit:

784 3623 823 3690 ἵν’
847 3622 914 3689 ἅτθ’
939 3624 955 3689 δ
978 3627 1075 3709 κῆρυξ
1099 3626 1156 3689 oda
1179 3625 1412 3706 Λακεδαίμονος
1434 3624 1513 3708 λέγει

782 3737 935 3822 πύθησθ’·
959 3740 1087 3821 ἀφῖκται
1107 3740 1165 3824 γὰρ
1187 3740 1258 3824 auspi
1280 3742 1423 3803 σπονδῶν
1446 3742 1548 3803 πάλιν.

606 3859 693 3934 Ergo
715 3859 750 3919 in
773 3859 954 3934 archetypo
977 3861 1006 3929 (a
1027 3858 1190 3930 dicamus)
1214 3857 1294 3919 fuit:

785 3966 820 4032 λα’
847 3966 913 4033 ἅτθ’
939 3968 955 4033 δ
978 3971 1075 4053 κήρνξ
1099 3969 1157 4033 oda
1180 3969 1414 4050 Λακεδαίμονος
1437 3968 1516 4051 λέγει

1434 4058 1459 4105 λέ
1494 4075 1507 4104 ν

783 4123 935 4207 πύθησθέ·
958 4125 1084 4206 ἀφῖκται
1106 4127 1163 4210 γὰρ
1186 4126 1256 4209 περὶ
1279 4128 1423 4190 σπονδῶν
1445 4077 1547 4188 cerdice.

607 4242 874 4318 superscriptum
898 4243 980 4305 illud
1001 4239 1099 4323 λέγων
1124 4244 1164 4306 ad
1187 4258 1303 4305 vocem
1327 4239 1394 4321 περὶ
1419 4242 1562 4303 σπονδῶν
1585 4246 1696 4304 mente
1715 4255 1775 4314 sup·

561 4358 645 4433 pleri
678 4356 812 4418 iubebat
841 4357 1006 4434 interpres
1022 4353 1063 4432 ');
1100 4359 1185 4434 quod
1221 4373 1297 4419 cum
1329 4372 1389 4433 pro
1422 4357 1546 4418 bunne
1573 4353 1674 4419 ultera
1701 4353 1775 4418 esset

562 4473 726 4551 habitum,
753 4473 924 4550 archetypi
946 4472 1037 4535 filius
1059 4478 1101 4550 (γ)
1124 4473 1207 4535 haec
1229 4472 1362 4533 habuit:

580 4792 606 4824 '¹
635 4796 698 4841 ΔΓ
744 4792 827 4843 Ρκλαλ.
844 4796 879 4842 Μ.

596 4792 617 4934 ’δ
635 4875 666 4922 In
683 4799 741 4935 ἰφῗο
756 4887 877 4921 sermone
894 4873 960 4920 illud
977 4871 1149 4934 participium
1167 4876 1318 4921 constanter
1334 4873 1420 4921 omitti
1437 4871 1528 4922 docuit
1545 4875 1662 4922 Person.-
