4067 5950
647 862 690 907 DE
712 859 821 906 mnu
843 858 996 905 hunnido,

427 1033 485 1095 οὐκ
508 1031 589 1093 ἔστιν
612 1029 705 1094 οὐδὲν
728 1040 782 1092 τοῦ
807 1029 952 1092 πέτεσθαι
976 1032 1170 1111 γλυκύτερον·

428 1144 629 1226 ὀρνιθομανῶ
653 1144 700 1221 δέ,
723 1145 772 1206 καί
796 1140 864 1222 μεθ’
890 1144 977 1223 ὑμῶν
1000 1145 1151 1225 βούλομαι

428 1260 531 1322 οἰκεῖν,
557 1258 615 1338 ἐρῶ
638 1259 695 1339 γὰρ
719 1268 780 1319 τῶν
802 1257 836 1318 ἐν
860 1255 979 1337 ὄρνισιν
1002 1258 1117 1335 νόμιον.

255 1375 354 1450 Magis
377 1376 481 1436 etiam
506 1377 622 1451 aperte
644 1390 699 1437 res
722 1376 774 1435 est
796 1374 933 1434 Thesm.
959 1374 1041 1435 758:

430 1486 554 1561 [τουτί
585 1486 625 1548 τὸ
656 1486 779 1566 δίρμα
809 1496 876 1565 τῆς
908 1485 1060 1565 ἱερείας
1090 1486 1293 1567 γίγνεται]

429 1603 459 1662 τί
479 1610 532 1679 τῆς
553 1602 663 1681 ἱερείας
686 1602 836 1682 γίγνειαις
861 1634 902 1645 -
926 1598 1010 1661 τουτί
1034 1598 1108 1680 λαβί
1124 1597 1156 1673 ¹).

216 1716 273 1775 Ubi
294 1716 445 1777 notulam
473 1713 588 1793 ,τουτί
612 1714 645 1776 τὸ
669 1713 786 1794 σίρμα”
808 1716 843 1776 in
867 1730 1004 1776 versum
1029 1715 1309 1777 molestissimum
1334 1730 1444 1777 excre-

217 1830 299 1889 visse
321 1829 474 1891 videmus
500 1845 619 1891 omnes
632 1874 640 1891 .
655 1875 663 1891 .
676 1874 684 1891 .
697 1833 875 1904 postquam
899 1829 986 1889 dixit
1009 1827 1227 1902 Bahhuyzen.

255 1942 364 2016 Neque
387 1943 471 2005 Ren.
499 1944 583 2003 1431
608 1958 691 2020 sqq„
716 1942 772 2004 ubi
795 1942 962 2017 Aeschylo
986 1943 1070 2003 haec
1093 1942 1213 2003 tribuit
1234 1942 1278 2004 R:

430 2055 468 2117 οὐ
491 2055 547 2135 χρὴ
571 2055 691 2128 λέοντος
713 2057 852 2134 σκύμνον
876 2052 908 2115 ἐν
930 2054 1017 2116 ιιίίιι
1040 2052 1169 2133 τρίφειν·

432 2169 613 2247 [μάλιστα
646 2167 715 2248 μὲν
746 2166 886 2229 ίίοντα
918 2165 990 2247 μήν
1021 2167 1133 2229 πόλει
1162 2156 1347 2249 τρέφειν’]

430 2280 471 2362 ἢν
495 2278 523 2343 δ’
549 2283 684 2369 ἐκτραφῇ
707 2306 764 2361 τις,
787 2289 849 2355 τοῖς
873 2283 994 2362 κρόκοις
1018 2280 1194 2361 ὑπηρετεῖν,

218 2399 339 2459 medius
362 2413 481 2460 versus
504 2400 583 2473 quin
607 2400 741 2474 spurius
764 2400 811 2461 sit
834 2397 977 2459 dubitari
1001 2400 1126 2474 potest,
1152 2413 1228 2460 cum
1248 2398 1447 2473 praesertim

217 2514 246 2571 in
266 2513 293 2572 V
315 2514 413 2575 desit.
437 2514 597 2575 'i'rimetri
619 2514 766 2590 speciem
790 2512 898 2574 induit
921 2512 1039 2573 notula
1057 2513 1261 2591 interpretis,
1281 2514 1337 2588 qui
1356 2514 1447 2590 prior

217 2642 284 2699 pars
314 2628 480 2687 enuntiati
509 2627 673 2701 quomodo
701 2642 778 2688 cum
810 2626 917 2687 ultera
947 2627 1139 2688 cohaereret
1168 2626 1266 2701 paulo
1298 2627 1447 2703 apertius

219 2740 355 2801 indicare
380 2740 528 2801 volebat:
552 2742 749 2816 optimum
772 2739 936 2813 quidem
958 2742 1016 2799 cet
1039 2740 1157 2799 ίοοιιοοι
1179 2739 1214 2799 ιἰι
1241 2740 1360 2801 σίνίιοίο
1379 2756 1443 2801 ιιοιι

219 2854 367 2931 domuc,
398 2856 453 2916 οισ
481 2859 534 2916 cic.
564 2854 721 2916 ceterum
751 2869 817 2914 non
841 2868 922 2914 voce
953 2851 1066 2912 πόλει
1091 2854 1149 2914 sed
1178 2853 1319 2930 δόμοις
1345 2868 1443 2915 usum

220 2983 283 3028 esse
300 2968 505 3044 Aeschylum
525 2969 809 3046 Aristophaneum
832 2967 919 3028 haud
941 2966 1121 3029 temeraria
1141 2967 1271 3029 videtur
1289 2968 1444 3044 suspicio.

220 3080 293 3140 Nam
312 3083 425 3144 urbem
443 3085 500 3158 qui
521 3083 614 3161 dicit,
635 3084 718 3144 dicit
736 3082 947 3144 Alcibiadem:
968 3082 1115 3158 imagine
1131 3082 1187 3156 qui
1200 3081 1304 3143 utitur
1319 3081 1445 3157 „leonis

221 3195 319 3257 catulo
342 3197 430 3257 iutra
448 3197 585 3272 parietes
607 3196 719 3259 locum
742 3211 807 3257 non
831 3196 928 3256 esse'’
953 3195 1061 3257 dicere
1084 3195 1198 3271 dehet3
1222 3196 1370 3270 spatium
1389 3195 1446 3256 ille

221 3310 344 3382 requirit
359 3315 394 3371 et
409 3311 518 3372 saltus
531 3312 712 3387 montium,
734 3310 967 3385 angustiarum
979 3309 1241 3371 domesticarum
1253 3309 1445 3390 impatiens.

260 3538 304 3598 hd
326 3539 447 3601 horum
469 3540 617 3601 iocorum
642 3540 835 3616 exemplum
855 3538 1087 3600 considerandi
1107 3542 1188 3600 sunt
1207 3542 1388 3613 sequentes
1404 3534 1445 3610 ²):

182 3725 186 3736 Ι
299 3653 377 3725 Ach.
402 3654 479 3715 408.

262 3768 311 3837 [—
330 3761 411 3826 ἀλλ’
440 3763 724 3844 ίκκνκλήθητι.
745 3760 886 3826 -ttt’
913 3763 1127 3826 ἀδύνατον.
1147 3799 1188 3810 -
1211 3761 1289 3826 ἀλλ’
1317 3765 1441 3845 ὅμως]

262 3913 298 3922 -
320 3876 379 3940 ἀλλ’
407 3878 639 3958 ίκκτκίήσομαι·
663 3880 858 3960 καταβαίνειν
882 3873 909 3940 δ’
936 3878 973 3940 οὐ
999 3879 1100 3958 σχολή.

225 3991 376 4068 originem
409 3995 566 4056 versiculi
596 3995 744 4071 molesti,
776 3995 872 4056 cuius
902 4010 981 4070 pers
1010 3995 1175 4070 posterior
1206 4011 1223 4055 e
1253 4010 1353 4056 versu
1378 3997 1443 4056 402

225 4109 267 4166 ost
295 4110 447 4184 repetita,
484 4108 631 4169 ostendit
664 4108 706 4183 R,
742 4107 799 4181 qui
830 4107 1002 4182 sequentis
1038 4122 1155 4168 versus
1190 4107 1286 4168 initio
1314 4108 1446 4169 litteras

227 4236 302 4295 τομαι
320 4221 412 4283 verbi
432 4218 654 4298 ἐκκυκλήσομαι
673 4222 707 4282 in
727 4221 829 4283 litura
848 4220 962 4297 habet,
984 4237 1004 4282 a
1024 4223 1207 4282 correctore
1218 4222 1380 4297 scriptas:
1404 4255 1439 4265 —

227 4337 286 4410 σητι
306 4351 413 4397 errore
436 4335 562 4396 librarii
585 4335 749 4411 scriptum
769 4335 849 4395 olim
869 4350 928 4410 pro
947 4350 1027 4396 vern
1044 4334 1185 4395 lectione
1204 4337 1257 4396 est
1279 4334 1445 4412 habitum,

229 4459 296 4518 uuae
316 4450 414 4511 lectio
437 4449 512 4511 dein
537 4450 689 4512 excrevit
710 4450 744 4510 in
768 4452 881 4510 totum
904 4450 1110 4509 trimetrum.

258 4760 402 4822 1ίΡτιοεειιε
418 4772 495 4814 τουτί·
513 4767 580 4829 κομί,
596 4767 667 4826 quod
685 4767 759 4814 dedit
776 4767 871 4826 Bergk.

257 4837 411 4900 ¹)Tsedinm
434 4861 467 4893 ns
491 4847 574 4903 fleret,
597 4847 694 4894 emises
715 4848 742 4893 in
760 4846 935 4906 sequentihus
953 4850 1016 4893 sunt
1030 4849 1137 4895 nomine
1156 4861 1245 4896 eorum
1264 4850 1309 4908 qui
1327 4849 1446 4908 singulos

234 4933 307 4971 verene
321 4927 346 4973 in
364 4929 541 4988 suspicionem
562 4930 696 4974 recerunt
