4067 5950
535 722 579 780 90
1057 736 1098 780 nn
1121 735 1247 782 roman

534 919 633 981 quam
663 904 793 981 patriae
819 905 1039 981 amantiores,
1072 904 1105 967 in
1132 904 1311 980 perniciem
1345 920 1420 966 eam
1449 904 1583 965 trudere
1611 905 1776 979 poterunt

535 1021 666 1078 etcum
691 1017 831 1078 Athenis
853 1019 926 1094 ipsa
949 1018 1088 1079 Graecia
1111 1017 1289 1078 submittet
1312 1019 1421 1093 caput.

580 1131 711 1192 Patriae
741 1147 875 1192 omnem
909 1148 983 1194 esse
1015 1147 1110 1208 spem
1142 1134 1175 1193 in
1207 1132 1299 1209 prole
1330 1135 1420 1193 recte
1449 1132 1618 1192 educanda
1641 1131 1776 1206 pridem

533 1244 700 1305 intellexit
734 1248 847 1320 poeta,
882 1246 1017 1320 iamque
1052 1245 1239 1320 ingentium
1272 1245 1501 1307 calamitatum
1538 1259 1656 1304 causas
1690 1244 1777 1304 dum

422 1359 429 1367 '
535 1357 772 1434 circumspicit,
808 1360 884 1433 post
918 1373 1040 1434 pueros
1076 1341 1267 1419 considerat
1300 1361 1440 1435 matres,
1477 1359 1511 1419 et
1543 1356 1703 1419 mulieres
1739 1356 1778 1414 in

535 1471 709 1531 hominum
735 1475 834 1545 atque
859 1471 1035 1533 civitatum
1060 1472 1151 1532 sorte
1173 1473 1335 1546 quantum
1361 1471 1496 1532 valeant
1514 1469 1638 1531 melius
1655 1470 1776 1529 sentit.

536 1585 613 1644 Mox
635 1592 749 1645 autem
773 1585 807 1645 in
831 1588 938 1646 artem
962 1601 1059 1646 suam
1084 1601 1141 1646 eas
1161 1586 1350 1647 introducit.
1372 1585 1462 1662 Quae
1482 1599 1649 1661 cauponas
1672 1583 1776 1656 iurgi-

537 1712 614 1758 osas
644 1696 824 1770 facilesque
855 1697 1012 1758 tibicinas
1036 1698 1137 1760 etlam
1160 1702 1260 1761 antea
1282 1701 1316 1759 in
1339 1699 1467 1775 pulpita
1489 1699 1685 1772 admiserat,
1711 1710 1778 1756 nec

537 1824 604 1870 non
634 1808 780 1884 virgines
810 1809 888 1886 plus
918 1825 1017 1885 quam
1050 1812 1230 1889 humanas,
1255 1812 1371 1888 quales
1395 1814 1491 1872 erant
1513 1812 1583 1872 Pax
1607 1811 1641 1871 et
1662 1808 1775 1870 Domi-

537 1922 643 1997 natio,
678 1921 829 1982 Pomona
863 1925 897 1983 et
931 1924 1089 1998 Laetitia;
1126 1928 1238 1987 castas
1268 1941 1346 1986 vero
1377 1925 1507 1999 puellas
1537 1925 1570 1985 et
1598 1924 1777 1982 matronas

539 2050 649 2096 arcere
680 2034 818 2096 solebat.
843 2036 956 2111 Neque
980 2038 1070 2098 enim
1094 2039 1134 2098 ad
1158 2039 1288 2100 rabulas
1311 2038 1509 2113 spectandas
1533 2037 1624 2098 cives
1646 2036 1680 2094 in
1702 2035 1776 2093 the·

539 2152 650 2210 atrum
678 2163 793 2209 secum
825 2148 1035 2211 adducebant
1057 2166 1179 2213 uxores
1204 2152 1254 2213 vel
1281 2151 1379 2227 illias,
1405 2166 1512 2224 neque
1534 2148 1710 2226 placebant
1733 2148 1779 2206 iis

540 2262 672 2322 Atticae
700 2260 859 2322 mulieres
881 2263 962 2323 iocis
985 2265 1152 2338 protervis
1176 2265 1408 2338 intermixtae;
1432 2263 1517 2325 laedi
1540 2264 1629 2324 enim
1653 2261 1777 2321 harum

540 2375 681 2451 tamam,
713 2374 743 2434 si
772 2373 901 2450 publice
932 2376 1040 2436 multa
1070 2377 1110 2437 ds
1139 2377 1181 2438 iis
1212 2376 1329 2439 flerent
1361 2377 1478 2450 verba;
1509 2390 1615 2448 neque
1639 2375 1672 2434 in
1694 2371 1779 2434 ficta

541 2490 628 2550 vitae
651 2488 812 2564 imagine,
837 2502 921 2561 quae
940 2489 972 2548 in
997 2489 1139 2549 theatris
1158 2491 1307 2551 exhiberi
1326 2490 1427 2565 solet,
1448 2490 1636 2550 memoratu
1655 2487 1778 2561 dignas

540 2602 644 2662 videri
668 2615 751 2676 quas
776 2600 809 2659 iu
833 2601 907 2674 ipsa
930 2600 1000 2661 vita
1026 2601 1170 2663 humiles
1192 2604 1319 2678 aliquas
1343 2604 1481 2678 agerent
1501 2603 1623 2677 partes.

585 2715 658 2774 Iam
688 2729 767 2774 vero
796 2713 970 2774 insolitam
1000 2714 1199 2788 dignitatem
1223 2720 1321 2791 atque
1344 2717 1557 2777 maiestatem
1580 2711 1781 2774 mulieribus

542 2829 740 2905 praebuerat
770 2826 893 2903 clades,
925 2842 1009 2901 quae
1040 2828 1187 2890 familias
1221 2831 1444 2892 Athenienses
1474 2830 1571 2904 longe
1602 2828 1782 2903 plerasque

541 2941 712 3003 funeribus
741 2941 1011 3003 contristaverat.
1039 2941 1221 3019 Prosperae
1251 2958 1326 3005 cum
1356 2944 1490 3005 fuerunt
1513 2943 1680 3019 Athenae,
1704 2954 1779 3000 mu-

541 3058 640 3118 lieres
663 3069 729 3115 non
753 3056 908 3128 poterant
932 3056 1048 3128 aequis
1071 3057 1225 3131 passibus
1245 3058 1395 3119 comitari
1418 3058 1507 3119 viros
1529 3055 1700 3117 celerrime
1718 3066 1783 3127 per

542 3170 654 3231 cultus
688 3168 828 3229 humani
864 3172 963 3244 atque
998 3172 1107 3234 civilis
1138 3175 1228 3234 viam
1260 3174 1524 3250 progredientes;
1563 3185 1652 3231 nunc
1685 3168 1782 3228 luctu

543 3285 632 3344 certe
655 3281 737 3341 viris
760 3282 916 3356 aequales
939 3287 1044 3346 erant.
1069 3286 1106 3345 In
1131 3286 1401 3348 Acharnensibus
1424 3286 1538 3346 fabula
1560 3299 1644 3345 uxor
1666 3281 1782 3341 Dicae·

542 3394 681 3470 opolidis
715 3394 809 3469 probi
844 3396 907 3455 viri
942 3411 1008 3457 non
1044 3398 1109 3457 nisi
1145 3415 1202 3474 per
1236 3400 1371 3461 brevem
1406 3398 1566 3473 temporis
1598 3394 1782 3457 articulum

543 3506 695 3584 prodibat
724 3507 759 3566 in
791 3507 972 3586 pulpitum,
1004 3512 1042 3570 ut
1065 3513 1181 3573 tacens
1206 3511 1362 3574 videlicet
1384 3511 1554 3587 praeberet
1576 3508 1713 3569 trullam
1738 3508 1783 3567 ad

544 3621 672 3698 pultem
708 3620 945 3683 hauriendam:
977 3638 1066 3685 nunc
1096 3624 1274 3699 proborum
1307 3626 1455 3686 virorum
1486 3622 1546 3683 iiiii
1576 3623 1609 3683 in
1641 3621 1708 3681 oris
1732 3636 1782 3681 re·

545 3733 647 3795 motis
678 3732 824 3794 cecidere
853 3733 989 3807 plurimi
1013 3738 1046 3796 et
1069 3737 1103 3797 in
1127 3738 1234 3799 fronte
1257 3740 1406 3799 matrum
1429 3752 1580 3798 sororum
1604 3734 1782 3795 viduarum

545 3848 737 3909 orbatarum
769 3846 971 3921 conspicitur
1002 3864 1123 3911 corona
1152 3852 1286 3913 doloris.
1317 3852 1439 3912 Noster
1462 3852 1575 3911 autem
1598 3850 1698 3923 poeta
1720 3846 1785 3906 hoc

545 3965 694 4035 tempore
724 3958 883 4019 mulieres
909 3962 1037 4023 maiore
1062 3979 1162 4038 quam
1187 3966 1343 4025 antesin
1367 3965 1489 4024 honore
1513 3962 1635 4021 habers
1659 3960 1781 4034 coepit,

547 4076 580 4135 et
609 4072 683 4133 soni
713 4071 839 4132 insoliti
870 4088 888 4133 e
912 4076 1038 4137 comico
1069 4078 1242 4151 proscenio
1270 4078 1311 4138 ad
1337 4079 1544 4154 spectatores
1567 4073 1780 4149 perveniunt,

548 4202 624 4251 cum
643 4200 759 4246 scurra
776 4184 846 4262 ille,
867 4188 957 4248 seria
974 4204 1080 4264 agens
1099 4191 1280 4266 paullisper
1299 4193 1333 4252 et
1351 4190 1531 4251 tenerrimo
1543 4188 1648 4250 animi
1662 4186 1785 4247 affectu

548 4301 717 4375 abreptus,
751 4313 887 4358 causam
919 4304 992 4362 orat
1022 4306 1168 4364 matrum
1205 4305 1244 4365 de
1274 4305 1381 4380 patria
1411 4303 1535 4379 optime
1566 4302 1782 4389 meritarum,

547 4415 667 4491 quippe
701 4426 784 4485 quae
818 4408 905 4473 tilios
940 4414 1073 4477 floridos
1109 4419 1208 4491 atque
1243 4417 1397 4478 robustos
1431 4415 1618 4491 pepererint
1651 4429 1710 4489 pro
1745 4428 1787 4473 ea

548 4527 742 4601 morituros,
775 4538 975 4599 sponsarum
1006 4529 1139 4589 maritis
1166 4531 1259 4605 prius
1289 4529 1508 4605 spoliatarum
1539 4543 1638 4603 quam
1663 4542 1789 4589 uxores

550 4655 628 4701 vere
647 4653 683 4699 se
702 4637 886 4715 senserint,
912 4640 1080 4715 virginum
1099 4642 1135 4703 in
1153 4644 1273 4704 domus
1295 4645 1453 4719 paternae
1472 4641 1609 4703 latebris
1628 4641 1787 4716 languen-

550 4756 651 4829 tium,
674 4752 753 4812 dum
777 4750 916 4811 iuvenes
939 4752 973 4813 in
996 4754 1189 4830 regionibus
1211 4756 1396 4832 peregrinis
1419 4770 1491 4816 rem
1515 4756 1700 4830 gerant...
1865 4730 1866 4739 ἵ
