4067 5950
591 725 657 785 336
1037 743 1079 788 nn
1103 744 1211 789 rnxru
1234 743 1387 790 assumo.

589 912 700 973 deberi
729 914 833 974 errori
856 914 1094 991 interpretum,
1119 918 1175 989 qui
1199 916 1363 995 Euripidis
1386 934 1529 980 sermm
1553 921 1677 996 primas
1698 922 1729 980 in
1751 921 1800 981 hac

589 1026 701 1087 fabula
734 1031 847 1103 partes
882 1044 980 1104 agere
1013 1045 1213 1105 persuasum
1245 1031 1426 1108 habebant;
1462 1035 1550 1096 hunc
1584 1035 1683 1110 igitur
1713 1033 1800 1093 filiam

588 1154 685 1200 suam
710 1156 798 1202 nunc
821 1142 929 1204 disere
953 1143 1117 1222 niripisis
1139 1160 1285 1222 ννοννν,
1312 1148 1365 1207 cui
1388 1162 1510 1209 nomen
1533 1148 1638 1209 fuisse
1664 1142 1803 1208 Choerilus

587 1252 678 1315 fama
700 1254 840 1317 terebat.
866 1256 952 1317 Olim
976 1260 1139 1335 seriptum
1162 1260 1246 1321 fuit:

765 1433 816 1496 nul
839 1435 895 1515 τὴν
917 1374 1059 1520 θιτοτῖῗὲἔᾷ
1084 1437 1216 1520 ἀνδρὸς.
1231 1462 1321 1518 ..μοι
1345 1440 1363 1500 δ
1372 1439 1412 1512 ὸς
1435 1445 1580 1520 τυχεῖν.

588 1544 666 1607 Veri
697 1552 877 1628 vestigium
909 1556 1024 1615 servat
1053 1554 1246 1615 terminatio
1270 1554 1392 1616 vitiosa
1415 1551 1526 1631 -τέραν,
1552 1555 1684 1616 Lacuna
1706 1556 1803 1615 autem
1862 1560 1864 1637 ᾗ

587 1663 743 1726 adverbio
766 1663 876 1744 ταχέως
900 1667 1032 1728 videtur
1051 1668 1223 1744 explenda,
1244 1670 1282 1728 ut
1300 1668 1382 1729 haec
1399 1668 1499 1729 tuerit
1518 1668 1658 1744 pristina
1675 1658 1805 1729 trimetri
1862 1651 1864 1724 ἷ

587 1775 710 1853 figura:

766 1888 817 1950 nul
839 1889 895 1969 τὴν
917 1886 1059 1973 θυγατέρ’
1085 1890 1197 1970 ἀνδρὸς
1225 1891 1431 1972 (ταχέως)
1458 1918 1509 1973 μοι
1534 1894 1599 1967 δὸς
1623 1900 1728 1973 τυχεῖν.

630 2005 779 2066 Ultimus
801 2006 856 2065 hic
879 2007 1193 2068 commemorandus
1216 2008 1315 2083 Vesp.
1341 2009 1393 2085 78,
1414 2009 1448 2069 in
1468 2024 1565 2083 quem
1586 2024 1653 2071 non
1668 2011 1765 2070 exint
1782 2023 1802 2067 r·

586 2122 797 2197 pretamento
820 2120 878 2180 sed
902 2136 920 2181 e
943 2121 1096 2197 margine
1118 2122 1253 2197 irrepsit
1276 2137 1399 2183 nomen
1421 2124 1601 2198 proprium.

832 2298 902 2377 οὔτ,
924 2298 998 2361 ἄλλα
1023 2232 1172 2377 mazze&
1196 2299 1277 2362 ἐστιν
1297 2300 1372 2381 ἀρχὴ
1396 2311 1450 2363 τοῦ
1474 2264 1580 2363 κανοῦ.

832 2411 881 2474 iil
906 2411 939 2474 ii
963 2413 1040 2492 φησί
1062 2415 1220 2487 Σωσίας
1243 2413 1320 2493 πρὸς
1343 2416 1499 2495 Δερκύλον
1523 2412 1580 2476 nri.

630 2531 684 2591 Sic
715 2530 760 2606 V;
785 2530 819 2589 in
844 2529 968 2590 codicis
992 2529 1020 2588 R
1043 2530 1176 2589 textum
1200 2532 1373 2604 receptum
1396 2532 1448 2591 est
1469 2531 1806 2604 interpretamentum.
1865 2544 1866 2549 ¹

585 2645 849 2707 (leniabulantur
883 2645 974 2705 servi
1008 2643 1178 2705 Xanthias
1211 2646 1246 2704 et
1276 2643 1403 2720 Sosiae,
1433 2645 1520 2705 inter
1551 2660 1634 2717 quos
1657 2644 1807 2719 quomedo
1865 2639 1866 2642 ’

585 2760 802 2821 distribuendi
833 2760 902 2819 sint
932 2772 1051 2819 versus
1081 2755 1225 2818 dubitari
1251 2759 1380 2832 potest:
1408 2753 1515 2819 Sosiae
1537 2758 1684 2819 alterum
1709 2762 1807 2819 utrum
1860 2803 1863 2845 ὲ

584 2873 663 2934 olim
691 2874 842 2933 tribuens
865 2871 986 2946 aliquis
1009 2872 1110 2930 huius
1130 2885 1251 2932 nomen
1276 2871 1468 2948 adscripsit,
1494 2872 1580 2946 quod
1604 2873 1693 2932 inter
1716 2872 1808 2946 ipsius
1856 2903 1858 2966 ἱ

583 2990 701 3062 poetae
725 2986 825 3048 verba
842 2986 970 3062 pridem
991 2988 1161 3061 receptum
1184 3019 1223 3028 -
1245 3000 1323 3045 nam
1343 2986 1489 3062 priscum
1503 2987 1630 3048 honest
1642 2987 1759 3047 vitium
1773 3016 1805 3026 —

584 3100 735 3176 expulit.
752 3145 759 3160 .
775 3145 782 3160 .
797 3146 805 3164 .
818 3100 919 3174 quid?
942 3099 1131 3160 Nescimus.
1862 3070 1863 3074 Ἰ

629 3329 690 3389 His
721 3329 824 3403 igitur
855 3328 996 3400 aliisque
1028 3326 1112 3387 locis
1136 3324 1337 3387 emblemata
1366 3327 1399 3387 in
1427 3327 1555 3387 medios
1579 3342 1698 3387 versus
1720 3327 1806 3398 irrep·

582 3447 709 3504 serunt.
740 3443 888 3504 Plurium
918 3458 1002 3517 quae
1027 3444 1121 3503 erant
1145 3439 1321 3501 verborum
1347 3457 1389 3502 ne
1412 3442 1638 3517 reciperentur
1662 3455 1727 3501 non
1748 3439 1808 3499 erat
1865 3418 1866 3456 ³

583 3557 781 3633 periculum,
825 3557 891 3616 nisi
926 3571 986 3632 pro
1025 3555 1166 3630 integris
1201 3553 1403 3615 haberentur
1438 3554 1600 3615 versibus.
1637 3552 1739 3615 Cuius
1770 3548 1808 3610 rei
1865 3563 1866 3569 ¹

582 3671 789 3732 luculentum
816 3669 1008 3746 exemplum
1033 3670 1101 3729 iam
1126 3667 1306 3728 attulimus
1322 3662 1353 3744 ¹),
1376 3682 1454 3728 nam
1473 3665 1641 3728 emblema
1652 3665 1738 3726 Plut.
1753 3662 1805 3724 148
1865 3648 1866 3679 ³

582 3786 616 3844 in
641 3785 753 3845 codice
776 3784 804 3841 V
828 3800 933 3844 unum
959 3799 1095 3845 versum
1121 3782 1234 3843 efficit.
1258 3783 1329 3844 Non
1352 3783 1464 3843 minus
1488 3781 1636 3842 notabile
1660 3784 1710 3842 eet
1735 3778 1806 3853 quod
1865 3758 1866 3766 ἵ

583 3898 686 3958 codex
710 3896 738 3956 R
762 3896 896 3971 praebet
919 3897 991 3957 folii
1016 3898 1074 3957 26Γ
1095 3897 1204 3972 initio,
1225 3896 1308 3957 Nub.
1334 3896 1417 3957 908:

872 4006 912 4080 ὡς
937 4017 1070 4068 ναυτιῶν
1093 4006 1154 4069 ὑπὸ
1178 4017 1231 4085 τῆς
1255 4007 1372 4069 ἐκείνου
1396 4009 1516 4086 ψύχρας

872 4147 965 4230 ilisa
988 4148 1082 4229 ἐμέσω
1105 4095 1189 4230 χολεῖί
1208 4149 1264 4231 γάρ
1289 4173 1340 4228 μοι
1363 4147 1495 4211 insultas

873 4262 925 4323 διὰ
948 4262 983 4323 τὰ
1006 4263 1103 4325 αὐτοῦ
1128 4262 1256 4344 ῥήματα.

744 4374 830 4453 aiiii
875 4375 1052 4457 τυφογὲρων
1075 4371 1103 4437 εἷ
1123 4375 1334 4456 κάνάρμοστοσ
1356 4373 1415 4436 nrt.

580 4493 709 4554 Ultima
738 4493 875 4552 demum
899 4491 1000 4552 verba
1024 4491 1176 4568 legentes
1195 4490 1408 4567 agnoscimus
1431 4493 1562 4566 poetam
1587 4489 1803 4566 nostramet

584 4681 802 4691 -.---

616 4809 635 4874 ¹)
654 4813 693 4860 Oi.
711 4826 771 4872 pag.
790 4813 847 4859 328.
