4067 5950
543 792 585 852 52
1062 805 1106 850 nn
1128 805 1255 851 eorm

543 991 681 1038 mensae
700 976 864 1038 secundae
883 975 964 1038 dum
982 976 1179 1038 adiacebant
1196 976 1261 1038 viri
1279 977 1392 1038 senior
1410 976 1582 1052 oriuntur,
1601 977 1642 1039 de
1653 978 1777 1039 litteris

543 1091 659 1166 patriis
689 1091 858 1165 disputare
888 1093 1085 1166 coeperunt;
1116 1091 1194 1151 bino
1224 1091 1311 1166 rixa,
1342 1091 1479 1152 tandem
1507 1092 1646 1152 strenue
1675 1107 1775 1167 vapu-

545 1205 627 1265 lavit
650 1219 764 1265 senex.

588 1319 670 1379 Eece
694 1319 822 1393 autern,
846 1317 954 1394 prodit
977 1317 1081 1378 etiam
1104 1314 1212 1378 illius:
1866 1388 1867 1409 Χ

592 1432 704 1508 „Tune
726 1430 904 1506 vapulasse
935 1431 968 1492 te
998 1431 1171 1504 quereris?
1202 1429 1284 1506 Quid
1307 1431 1421 1490 enim?
1443 1431 1495 1491 lle
1521 1433 1635 1492 autem
1658 1432 1774 1507 flagro·

547 1561 641 1620 „rum
664 1545 726 1605 tibi
749 1543 917 1605 illatorum
942 1558 999 1606 cur
1022 1545 1168 1620 pudeat?
1191 1544 1285 1605 Satin
1309 1545 1451 1620 sapis?”
1475 1577 1516 1588 -

590 1661 624 1720 et
653 1657 916 1734 argumentando
947 1657 1035 1718 clare
1061 1658 1281 1733 demonstrat,
1305 1661 1461 1734 parentes
1484 1672 1504 1719 a
1525 1657 1641 1720 liberis
1664 1659 1774 1721 verbe·

544 1775 660 1833 rentur
688 1786 822 1833 neeesse
853 1786 940 1846 esse,
973 1786 1014 1832 ne
1038 1771 1092 1831 vis
1114 1769 1173 1832 ilat
1194 1786 1305 1832 rerum
1328 1773 1466 1834 naturae
1490 1771 1637 1851 δράσαντι
1659 1778 1775 1833 παθεῖν

544 1884 686 1960 iubenti;
705 1885 817 1959 itaque
836 1887 981 1946 matrem
1001 1900 1131 1960 quoque
1150 1900 1231 1946 mox
1249 1900 1287 1946 se
1300 1885 1556 1964 castigaturum,
1575 1902 1639 1962 quo
1650 1888 1774 1949 melius

544 2001 672 2060 constet
694 2013 806 2059 rerum
830 1999 1052 2060 humanarum
1076 1999 1162 2060 ratio
1185 2001 1286 2072 atque
1308 1999 1536 2073 aequabilitas.

588 2112 694 2173 Sentit
725 2112 793 2172 iam
824 2126 928 2172 senex
958 2127 1023 2186 quo
1053 2112 1252 2173 deduxerint
1274 2127 1311 2172 se
1334 2113 1412 2173 novi
1435 2114 1510 2174 aevi
1531 2113 1653 2176 studia.
1679 2116 1773 2190 ¹‚llea

543 2225 677 2302 eulpal”
707 2225 756 2286 sin
785 2226 937 2285 moestus
967 2239 1101 2286 secum:
1129 2226 1280 2300 „integer
1302 2225 1383 2286 olim
1406 2240 1499 2286 eram
1523 2226 1633 2300 vitae;
1657 2228 1774 2302 quidni

546 2339 688 2415 „mansi‚
712 2339 770 2399 sed
792 2338 909 2398 fraude
931 2337 1055 2398 damna
1076 2338 1237 2399 resarcire
1259 2353 1335 2398 sum
1359 2340 1515 2399 conatus!
1539 2339 1634 2400 Istud
1658 2342 1770 2401 autem

545 2451 798 2526 „Meditaeulum
834 2466 892 2511 cur
920 2451 1041 2527 petivit
1077 2451 1277 2512 Delirabsm.
1311 2451 1449 2512 Utinam
1485 2467 1625 2528 puerum
1656 2469 1771 2515 meum

545 2581 640 2638 „oum
671 2566 764 2640 equis
794 2565 865 2624 suis
895 2565 1051 2625 lascivire
1081 2565 1239 2625 sivissem
1269 2566 1399 2640 potius;
1424 2567 1536 2626 minus
1558 2581 1658 2641 quam
1684 2583 1773 2627 nunc

544 2681 594 2755 „ei
617 2679 821 2740 nocuisseml
848 2676 1028 2753 Corruptus
1050 2679 1199 2754 perditus
1224 2679 1347 2754 impius
1368 2678 1436 2740 iam
1460 2694 1480 2739 a
1503 2679 1638 2740 Socrate
1660 2680 1770 2741 rediit.

544 2793 654 2869 „Quod
678 2793 764 2853 baud
789 2794 904 2852 tamen
928 2792 1064 2868 impune
1087 2792 1172 2853 leret
1193 2792 1291 2853 illel''
1313 2823 1358 2834 —

585 2909 687 2982 utque
716 2921 828 2966 rerum
859 2906 1082 2966 humanarum
1106 2905 1191 2966 satis
1214 2906 1364 2980 aequalis
1386 2906 1432 2966 sit
1454 2905 1538 2967 ratio
1560 2921 1620 2984 pro
1644 2907 1770 2967 viribus

540 3022 662 3096 etipse
682 3035 818 3097 operam
837 3020 934 3095 dans,
959 3020 1077 3081 aedem
1096 3020 1368 3097 pbilosophorum
1388 3018 1518 3081 lacibus
1537 3023 1636 3094 atque
1655 3022 1768 3096 ligoni-

539 3135 601 3195 bus
623 3134 761 3194 adortus
784 3132 883 3194 delet.

583 3362 766 3422 llortemne
789 3360 971 3421 instantem
994 3360 1099 3420 etiam
1123 3360 1298 3436 effugerint
1321 3361 1475 3422 Socrates
1498 3364 1532 3422 et
1554 3360 1768 3437 Chaerephon

537 3477 572 3535 et
601 3478 713 3535 estere
743 3472 971 3534 tenebrionum
1001 3471 1101 3533 turba
1130 3472 1293 3546 squalida,
1327 3487 1368 3533 an
1398 3474 1491 3535 fumo
1514 3475 1548 3535 in
1572 3475 1769 3536 Meditaoulo

536 3604 597 3649 suo
626 3588 695 3647 sint
724 3586 890 3661 suffocati,
922 3588 961 3646 ut
991 3585 1118 3659 aliquot
1149 3587 1248 3646 annis
1278 3588 1356 3648 ante
1386 3586 1586 3661 Pythagorei
1610 3586 1766 3664 Crotone,

535 3717 600 3762 non
623 3700 775 3776 refertur,
801 3714 880 3759 uam
905 3697 1000 3759 finita
1024 3701 1076 3759 est
1098 3698 1228 3773 labu1a;
1253 3700 1311 3759 sed
1331 3700 1466 3775 dignam
1487 3702 1577 3761 certe
1595 3700 1656 3760 tall
1674 3702 1768 3761 exitu

534 3830 609 3875 esse
629 3813 732 3874 talem
753 3812 873 3887 vitam,
894 3814 1102 3886 spectatores
1121 3828 1138 3873 e
1158 3813 1291 3873 theatro
1310 3812 1446 3873 domum
1462 3813 1640 3874 redeuntes
1652 3829 1766 3875 seeum

536 3929 681 4002 cogitare
705 3926 810 3987 voluit
833 3927 940 4000 poeta.

1120 4291 1179 4352 IX.

581 4494 814 4569 Aristophanis
845 4495 909 4554 arti
940 4494 969 4553 si
999 4494 1077 4566 quid
1108 4494 1301 4553 detrimenti
1324 4509 1411 4554 anno
1435 4495 1587 4569 proximo
1610 4495 1770 4555 intulerat

536 4610 683 4668 studium
715 4609 861 4684 partium
894 4608 1057 4681 civilium,
1088 4606 1282 4667 felicissime
1312 4608 1344 4667 id
1375 4608 1443 4667 iam
1467 4609 1538 4667 erat
1562 4612 1764 4682 reparatum.

537 4724 619 4782 Nam
651 4736 776 4781 novum
805 4736 888 4795 opus
920 4720 1028 4779 multo
1059 4735 1158 4792 quarn
1186 4719 1266 4779 illud
1298 4722 1369 4780 erat
1391 4721 1567 4780 venustius
1593 4720 1765 4794 multoque

537 4834 672 4895 maioris
692 4834 862 4907 ponderis3
884 4848 990 4907 neque
1012 4833 1149 4892 calidius
1173 4833 1351 4893 iudicantis
1370 4835 1440 4892 eret
1463 4833 1643 4908 sententia,
1664 4848 1764 4907 quam
1861 4839 1862 4850 ¹
