4067 5950
545 770 608 832 142
1063 785 1105 830 nr
1128 783 1253 830 ronnas

541 956 598 1017 bat
624 972 666 1018 ex
689 956 793 1018 animi
815 955 984 1018 sententia
1005 954 1255 1017 commendans.
1279 954 1351 1015 Iam
1375 957 1533 1015 evenerat
1556 954 1641 1029 quod
1664 969 1769 1030 spera·

542 1071 650 1147 verat,
686 1102 727 1114 -
763 1071 799 1131 at
833 1069 929 1130 aliter
963 1083 1064 1143 qnam
1099 1069 1307 1144 speraverat!
1341 1067 1520 1129 Redierant
1555 1066 1683 1144 exules,
1712 1067 1771 1128 sed

541 1183 667 1259 patriae
693 1182 821 1243 nullam
845 1182 992 1256 quietem
1016 1183 1075 1242 aut
1097 1181 1292 1243 felicitatem
1316 1180 1501 1242 attulerant
1523 1180 1707 1242 redeuntes.
1728 1180 1773 1240 Et

542 1311 664 1372 magno
701 1295 898 1370 sinceroque
933 1309 1047 1356 amore
1081 1294 1320 1370 Aristophanes
1354 1295 1496 1370 patriam
1533 1293 1681 1370 amabat,
1715 1293 1773 1354 isti

542 1423 620 1470 vero
644 1408 796 1470 homines
819 1407 970 1470 nonnisi
991 1407 1057 1484 ipsi
1079 1423 1115 1469 se
1137 1408 1229 1484 ipsos
1248 1407 1419 1469 amabant.
1439 1407 1593 1468 Civitatis
1612 1409 1771 1482 tempera-

541 1524 656 1585 mento
686 1521 866 1600 perniciem
897 1521 1054 1584 attulisse
1082 1522 1186 1584 maris
1216 1522 1493 1598 dominationem,
1524 1521 1674 1582 maximo
1697 1535 1773 1582 oum

542 1637 589 1699 rei
611 1636 761 1714 publicae
784 1635 983 1698 detrimento
1000 1651 1132 1697 remum
1152 1639 1259 1698 rastro
1280 1638 1314 1698 et
1332 1637 1432 1698 hasta
1450 1635 1613 1712 potiorem
1632 1634 1772 1711 iactum,

541 1767 681 1827 puerum
710 1750 971 1826 Aristophanem
1005 1749 1189 1812 docuerant
1222 1750 1383 1828 seniores,
1420 1752 1454 1811 et
1487 1750 1596 1811 iuerat
1624 1764 1701 1812 cum
1729 1749 1775 1808 iis

541 1880 702 1927 assensus
735 1865 885 1942 ,utinam
917 1864 1003 1925 mari
1034 1863 1276 1926 abstinuissent
1303 1864 1493 1926 Athenaet”
1519 1864 1688 1925 clamaret.
1712 1864 1775 1924 Sed

542 1981 572 2039 si
598 1979 655 2054 qui
678 1978 732 2040 sui
754 1979 905 2054 ipsorum
927 1980 1061 2040 tantum
1087 1978 1251 2040 commodi
1274 1978 1386 2040 habita
1408 1979 1536 2040 ratione
1558 1979 1715 2054 optabant
1737 1980 1777 2037 ut

541 2092 711 2154 maritima
733 2092 800 2153 ista
822 2091 1031 2153 Athenarum
1049 2093 1200 2167 potestas
1217 2093 1414 2168 quantocius
1432 2091 1596 2168 interiret,
1618 2090 1776 2166 malignis

541 2207 732 2268 istiusmodi
770 2206 859 2267 votis
892 2205 1150 2281 haudquaquam
1186 2208 1257 2267 erat
1292 2206 1523 2283 adstipulatus.
1557 2207 1628 2268 imo
1664 2205 1776 2267 Iustus

542 2320 597 2383 ille
629 2319 726 2396 ciris,
758 2333 856 2393 quem
881 2318 915 2379 in
938 2318 1208 2380 Acharnensibus
1230 2318 1343 2380 fabula
1365 2319 1510 2396 induxit,
1534 2321 1657 2380 nautas
1679 2335 1775 2382 voca·

542 2434 599 2495 bat
642 2433 810 2509 ,civitatis
844 2432 1096 2510 sospitatores”,
1132 2435 1166 2494 et
1197 2434 1325 2509 patriae
1358 2433 1500 2494 salutem
1536 2433 1777 2509 Aristophanes

542 2547 648 2609 multo
679 2546 783 2624 pluris
813 2544 957 2606 iaciebat
986 2561 1086 2621 quam
1117 2545 1241 2608 civium
1272 2546 1476 2621 quorundam
1510 2550 1568 2607 aut
1594 2545 1689 2608 lucra
1719 2549 1777 2607 aut

542 2662 752 2722 detrimenta.
782 2659 991 2721 Athenarum
1022 2659 1122 2720 decus
1153 2675 1251 2721 suum
1280 2661 1385 2736 ipsius
1408 2660 1548 2721 ducebat
1569 2660 1684 2736 decus,
1708 2661 1776 2722 iam

542 2790 620 2835 vero
656 2775 770 2835 cedere
806 2777 840 2835 et
875 2776 973 2849 caput
1008 2774 1207 2836 submittere
1242 2775 1360 2836 civitas
1395 2775 1577 2838 iubebatur.
1612 2773 1701 2850 Quae
1735 2789 1777 2835 ne

542 2889 709 2948 incautius
732 2902 907 2963 progressa
929 2888 963 2947 in
985 2891 1162 2964 praerupta
1180 2888 1340 2951 incideret
1359 2888 1541 2950 cavendum
1562 2902 1636 2949 esse
1654 2889 1777 2949 anxius

541 3003 621 3063 olim
656 3004 726 3077 ipse
757 3005 933 3064 monuerat
961 3003 1159 3082 identidem,
1192 3020 1267 3067 oum
1298 3004 1364 3067 alia
1399 3020 1441 3066 ex
1476 3004 1551 3066 aliis
1581 3004 1777 3066 serebantur

543 3117 679 3177 consilia
714 3118 748 3176 et
781 3131 888 3177 novae
922 3131 1054 3192 semper
1083 3118 1251 3180 inibantur
1282 3118 1526 3196 expeditiones;
1558 3121 1593 3179 at
1622 3117 1776 3179 receden-

542 3230 664 3290 dumne
699 3233 770 3291 erat
804 3232 917 3291 nuno?
951 3230 1115 3307 Quorsum
1151 3235 1264 3294 autem
1299 3232 1543 3294 recedendum?
1576 3232 1615 3292 In
1649 3232 1778 3293 vetusti

542 3343 672 3405 scilicet
711 3345 872 3420 temporis
914 3345 989 3406 ilias
1031 3346 1206 3421 angustias
1246 3349 1438 3423 terrestres,
1480 3348 1518 3407 ut
1551 3346 1778 3407 Athenienses

542 3457 749 3532 suspicerent
771 3456 1042 3535 Peloponnesios,
1063 3460 1119 3533 qui
1138 3460 1201 3520 eibi
1224 3460 1449 3535 pepercissent
1471 3459 1608 3521 deiectis
1627 3461 1662 3520 et
1679 3458 1777 3519 liber·

541 3570 646 3631 tatem
665 3574 723 3632 aut
742 3571 907 3632 libertatis
927 3571 1082 3633 umbram
1104 3574 1356 3635 concessissent.
1376 3572 1615 3634 Lacedaemoni
1631 3574 1777 3649 patriam

543 3684 693 3746 amicitia
716 3686 823 3747 denuo
846 3685 939 3761 iungi
961 3686 1061 3761 poeta
1083 3701 1183 3759 quam
1208 3688 1357 3749 maxime
1379 3689 1554 3764 optaverat
1572 3686 1717 3762 iuvenis,
1737 3688 1778 3745 ut

542 3800 668 3861 viribus
698 3799 800 3860 unitis
830 3798 947 3860 Graeci
976 3798 1137 3861 obsistere
1160 3804 1297 3876 possent
1323 3802 1413 3863 hosii
1436 3802 1542 3863 avito:
1567 3815 1656 3862 nuno
1677 3800 1777 3860 Lace·

541 3913 693 3975 daemoni
717 3912 900 3973 subiectam
925 3911 1070 3989 videbat,
1095 3927 1200 3986 neque
1223 3913 1271 3975 illi
1295 3930 1396 3990 quam
1420 3916 1594 3976 amaverat
1617 3914 1651 3974 et
1672 3911 1777 3973 admi-

542 4029 635 4088 ratus
657 4028 743 4102 erat,
768 4026 827 4086 sed
849 4025 1061 4100 Lysandreae
1084 4026 1141 4086 isti
1163 4027 1420 4105 Lacedaemoni,
1446 4028 1518 4089 auri
1541 4040 1643 4100 qnam
1666 4024 1779 4086 laudis

542 4141 651 4215 magis
674 4139 805 4217 avidae,
831 4140 947 4216 opibus
971 4140 1081 4216 magis
1104 4141 1252 4202 affluenti
1275 4157 1375 4216 quam
1399 4142 1490 4203 viris.
1514 4140 1600 4202 Nam
1624 4136 1779 4200 nonnisi

541 4254 637 4328 pauci
669 4253 773 4314 etiam
797 4256 994 4328 supererant
1017 4256 1156 4331 nepotes
1180 4254 1423 4331 Spartiatarum
1447 4255 1594 4330 illorum,
1618 4251 1675 4327 qui
1697 4251 1778 4311 Leo·

541 4366 637 4427 uidae
660 4367 911 4441 Pausaniaeque
934 4369 1067 4441 praesto
1092 4368 1226 4429 fuerant
1241 4363 1273 4440 ¹).

552 4492 557 4501 ·
586 4480 628 4539 Et
657 4480 928 4557 Atheniensium,
960 4495 1042 4555 quos
1073 4480 1235 4541 Miltiades
1266 4483 1300 4542 in
1327 4483 1502 4544 victoriam
1524 4481 1680 4555 duxerat,
1704 4492 1778 4553 pro·

540 4610 624 4670 pago
655 4595 710 4654 ubi
741 4595 834 4655 erat?
861 4595 900 4654 In
923 4594 1085 4668 sepulcris
1108 4594 1338 4673 potissimum,
1363 4597 1396 4657 in
1420 4596 1547 4673 campis
1571 4592 1776 4669 longinquis,

578 4846 597 4913 ¹)
616 4850 680 4897 Xan.
698 4848 766 4897 Heli.
785 4850 866 4897 1113.
