4067 5950
549 757 613 817 110
1065 773 1107 819 nn
1129 773 1255 822 101111

592 943 721 1018 ,Meros
751 943 865 1004 iocus”
896 943 1260 1021 Thesmophoriaausae
1290 947 1403 1010 tabula
1432 952 1483 1010 eet
1516 954 1648 1029 vocata,
1671 967 1783 1028 neque

547 1059 599 1117 est
624 1058 658 1118 in
681 1056 739 1117 1110
761 1057 897 1118 1101111110
919 1058 1006 1131 quod
1029 1059 1247 1138 vituperetur,
1272 1062 1371 1123 modo
1394 1064 1505 1125 verbis
1528 1080 1593 1127 uno
1616 1069 1651 1128 et
1672 1067 1783 1128 altero

545 1171 666 1232 additis
700 1172 829 1232 dicatur
865 1171 967 1248 ,ielix
997 1175 1114 1248 poetae
1143 1174 1405 1250 ingeniosissimi
1434 1177 1548 1240 iocus·
1580 1196 1685 1255 neque
1707 1197 1785 1242 con·

545 1285 674 1345 temtus
696 1285 818 1358 aliquid
841 1286 961 1348 habeat
984 1288 1151 1350 adiectum
1176 1291 1345 1367 ,merus’‘,
1371 1291 1429 1351 sed
1451 1292 1484 1352 id
1506 1295 1641 1356 tantum
1659 1295 1787 1356 indicet

545 1398 632 1470 quod
651 1400 765 1474 negari
783 1400 910 1477 nequit,
931 1400 1079 1462 fabulam
1100 1404 1290 1477 argumenti
1310 1419 1384 1466 esse
1402 1406 1538 1483 privati,
1560 1422 1614 1467 res
1633 1407 1785 1483 publicas

545 1511 579 1571 in
603 1526 643 1572 ea
665 1515 827 1574 tractatas
850 1528 916 1575 non
940 1529 1023 1577 esse.
1049 1515 1082 1576 Si
1105 1531 1184 1577 vero
1205 1516 1301 1578 illum
1321 1516 1432 1579 iocum
1451 1519 1527 1580 aliis
1546 1521 1784 1597 Aristophanis

546 1624 668 1687 fabulis
698 1626 891 1689 inferiorem
926 1643 1001 1690 esse
1035 1629 1222 1705 perhiberet
1253 1631 1420 1708 quispiam
1455 1635 1490 1693 et
1526 1633 1580 1695 vix
1615 1636 1784 1696 sincerum

546 1741 672 1816 priscae
700 1743 889 1804 comoediae
912 1743 1035 1820 letum,
1060 1746 1174 1820 utpote
1196 1745 1230 1806 in
1254 1745 1394 1807 materie
1417 1747 1568 1809 tenuiore
1591 1751 1782 1823 versatum,

545 1857 679 1915 strenue
690 1855 930 1930 obloquendum
944 1860 1035 1918 esset
1047 1858 1086 1919 de
1098 1857 1230 1933 egregio
1243 1859 1325 1920 artis
1336 1874 1433 1935 opere
1444 1861 1598 1936 imperite
1610 1863 1783 1923 iudicanti.

546 1969 681 2042 Equites
710 1970 855 2047 exempli
886 1987 987 2033 causa
1009 1971 1040 2032 si
1062 1972 1137 2044 quis
1158 1971 1263 2048 pluris
1285 1973 1410 2035 iaceret
1432 1989 1532 2048 quam
1556 1974 1783 2050 Thesmopho·

544 2083 709 2160 riazusas,
741 2085 911 2147 civitatem
942 2085 1033 2147 enim
1063 2086 1316 2148 Atheniensium
1348 2087 1484 2149 maioris
1514 2103 1589 2149 esse
1618 2090 1784 2151 momenti

546 2212 646 2270 quam
669 2196 785 2259 fletum
808 2198 889 2260 illud
911 2199 1076 2275 Euripidis
1100 2215 1178 2275 erga
1201 2201 1358 2262 mulieres
1381 2202 1508 2279 odium,
1534 2235 1575 2246 -
1595 2205 1630 2264 01
1649 2203 1785 2264 1110111111

547 2312 709 2373 eiusmodi
737 2312 862 2374 iudices
894 2313 975 2374 artis
998 2313 1160 2390 poeticae,
1186 2347 1227 2357 -
1251 2312 1436 2376 testimonii
1459 2316 1499 2376 de
1518 2316 1572 2376 his
1593 2316 1694 2377 rebus
1716 2317 1782 2376 dic·

546 2424 670 2486 tionem
695 2426 838 2486 dandam
861 2427 1013 2488 sibinen
1037 2442 1110 2488 esse
1134 2428 1334 2490 ostenderet.

591 2539 677 2601 Nam
708 2541 791 2601 dura
820 2540 897 2602 iicet
927 2540 1027 2603 fuerit
1056 2541 1264 2602 Athenarum
1294 2556 1368 2603 sors
1391 2544 1425 2603 et
1446 2542 1647 2617 gravissimo
1670 2543 1783 2604 dolore

547 2654 695 2716 affecerit
723 2653 873 2716 animum
904 2655 1154 2733 Aristophanis,
1184 2656 1249 2717 arti
1279 2657 1351 2716 eius
1374 2657 1459 2718 mire
1481 2656 1631 2731 profuere
1654 2657 1785 2731 patriae

547 2768 769 2845 calamitates,
805 2770 839 2829 et
869 2769 936 2829 seri
966 2771 1103 2844 nepotes
1134 2771 1185 2829 est
1214 2784 1273 2830 cur
1302 2770 1468 2844 gaudeant
1498 2784 1564 2830 non
1594 2770 1784 2843 perrexisse

547 2897 624 2942 eum
654 2883 688 2943 in
720 2883 788 2959 via,
820 2898 921 2955 quam
949 2883 1058 2958 prima
1080 2883 1255 2944 iuventute
1275 2883 1363 2960 iniit,
1389 2898 1465 2945 oum
1489 2899 1542 2944 res
1566 2883 1682 2944 civiles
1704 2883 1784 2944 felle

547 2998 693 3059 imbutas
723 2997 862 3071 odioque
891 2996 1060 3059 ferventes
1089 2998 1331 3074 spectatoribus
1353 2997 1529 3074 obiciebat,
1560 2999 1619 3059 sed
1645 3013 1688 3058 ex
1718 3014 1782 3058 suo

547 3111 652 3186 ipsius
681 3111 790 3187 potius
819 3113 951 3187 pectore
973 3111 1151 3187 protulisse
1173 3127 1258 3186 quae
1281 3112 1350 3172 illic
1372 3112 1406 3172 in
1429 3111 1529 3172 fundo
1552 3113 1676 3187 ingenii
1698 3111 1782 3172 fera·

547 3226 674 3286 cissimi
701 3225 938 3302 effloruissent,
970 3224 1097 3286 diutius
1127 3239 1227 3298 quam
1258 3225 1516 3286 Atheniensium
1540 3225 1723 3286 discordiae
1750 3227 1783 3285 in

547 3339 709 3400 memoria
727 3338 919 3400 mortalium
932 3353 1158 3414 permansura.
1171 3338 1305 3413 Equites
1317 3337 1464 3400 fabulam
1476 3339 1641 3414 praeferre
1653 3338 1784 3400 Avibus

548 3453 602 3514 vel
623 3453 988 3530 Thesmophoriazusis,
1010 3453 1043 3514 id
1063 3455 1115 3514 est
1133 3453 1292 3517 frumenti
1310 3467 1415 3528 grana
1432 3453 1517 3513 rosis
1535 3454 1781 3527 anteponentis,

548 3567 633 3639 quod
667 3566 730 3629 cibi
763 3567 840 3643 plus
872 3567 1017 3629 habeant
1049 3566 1116 3628 illa.
1149 3566 1237 3643 Quae
1267 3567 1388 3644 opinio,
1418 3569 1456 3627 ut
1487 3580 1656 3643 concessa,
1689 3567 1782 3628 sica

548 3697 723 3744 musarum
752 3682 898 3743 dominio
928 3684 981 3742 est
1011 3681 1128 3743 aliena.
1158 3682 1315 3743 Pinsendi
1344 3696 1424 3742 sane
1455 3680 1507 3742 vel
1530 3681 1691 3753 coquendi
1715 3695 1782 3742 non

547 3800 627 3858 sunt
660 3796 771 3874 flores,
807 3812 913 3870 neque
947 3800 1088 3873 prosunt
1117 3796 1253 3858 rusticis
1285 3795 1462 3871 famelicis,
1498 3796 1555 3855 sed
1586 3793 1783 3856 mellificant

548 3912 623 3973 inde
657 3926 747 3987 apes.
783 3910 906 3972 Rerum
941 3910 1196 3986 praeteritarum
1231 3910 1287 3985 qui
1321 3912 1400 3970 sunt
1434 3908 1568 3984 curiosi,
1600 3909 1634 3969 in
1663 3910 1783 3984 primis

548 4024 667 4086 comici
690 4024 842 4099 operibus
864 4024 960 4099 plura
978 4026 1146 4100 reperiunt
1166 4039 1249 4098 quae
1268 4025 1416 4099 ipsorum
1438 4023 1559 4083 studiis
1578 4023 1781 4085 conducant:

547 4139 681 4200 discunt
709 4139 784 4199 inde
813 4137 925 4214 plura;
959 4139 1017 4199 sed
1047 4139 1130 4199 artis
1160 4153 1236 4199 cum
1266 4138 1362 4198 unice
1391 4135 1532 4198 hahetur
1562 4137 1659 4213 ratio,
1684 4138 1781 4213 longe

548 4253 779 4329 anteponenda
809 4252 852 4311 iis
873 4254 934 4312 est
964 4251 1328 4327 Thesmophoriazusae
1357 4250 1477 4311 fabula.
1508 4249 1644 4323 Equites
1667 4253 1783 4312 autem

547 4367 639 4428 illius
672 4366 759 4427 artis
788 4366 918 4441 insigne
952 4370 1005 4426 est
1034 4366 1227 4442 exemplum
1257 4380 1339 4440 quae
1369 4365 1432 4426 luit
1463 4364 1558 4439 olim,
1586 4364 1782 4439 priusquam

548 4496 647 4542 musa
675 4481 787 4542 iocosa
816 4479 937 4555 spretis
969 4480 1093 4540 civium
1125 4479 1360 4540 controversiis
1389 4477 1545 4552 malignis
1574 4491 1625 4553 eo,
1652 4492 1716 4551 quo
1740 4493 1783 4538 ne

550 4592 675 4654 cratini
703 4594 834 4667 quidem
867 4593 1036 4667 ingenium
1068 4592 1261 4654 admirabile
1284 4593 1493 4668 pervenerat,
1522 4590 1635 4652 evexit
1657 4590 1782 4651 Aristo·

550 4706 702 4779 phanem.
725 4708 797 4767 lion
821 4707 1034 4781 degeneravit
1060 4709 1132 4769 tum
1156 4706 1340 4781 comoedia,
1364 4704 1485 4765 Bacchi
1503 4703 1612 4779 proles
1639 4704 1782 4779 lasciva,

550 4820 607 4880 sed
643 4820 677 4879 in
708 4835 804 4880 verae
836 4820 919 4880 artis
948 4833 1050 4894 regno
1082 4820 1191 4894 aprico
1221 4818 1323 4879 libere
1352 4817 1477 4878 viribus
1507 4831 1569 4877 usa
1596 4816 1631 4875 in
1660 4816 1783 4877 melius
