4067 5950
712 799 790 842 vrrA
814 799 853 842 11
877 797 1045 842 11111111.
1451 786 1492 846 19

262 985 342 1031 1111
361 971 438 1044 quid
457 970 583 1045 patriae
601 970 757 1044 prodesse
775 973 902 1046 posset,
922 970 998 1044 quid
1017 985 1144 1031 nocere.
1165 969 1297 1032 Civium
1315 987 1494 1035 aerumnae

262 1087 296 1143 et
332 1084 483 1174 querelae
517 1083 728 1157 quotidianae
761 1083 980 1144 stimulabant
1010 1100 1208 1158 generosum
1241 1086 1312 1146 eius
1341 1088 1492 1148 animum

261 1213 370 1271 neque
392 1197 537 1258 otiosum
560 1197 705 1257 assidere
728 1197 890 1258 sinebant.
910 1197 1018 1273 Nunc,
1038 1213 1126 1258 nunc
1144 1200 1402 1261 succurrendum
1423 1203 1496 1261 erat

261 1314 390 1388 patriae
419 1314 454 1372 in
482 1313 660 1387 perniciem
691 1313 816 1372 ruent‘l
848 1313 920 1373 Non
949 1313 1020 1373 iarn
1050 1315 1183 1389 tempus
1214 1317 1285 1374 erat
1319 1316 1494 1390 expectare

262 1428 341 1500 quid
372 1426 547 1500 aliquando
577 1427 726 1486 futurum
757 1428 862 1486 essetl
895 1427 957 1487 Sed
987 1428 1134 1487 succurri
1161 1428 1323 1500 quomodo
1346 1429 1491 1502 poterat!

262 1541 403 1600 Utinam
434 1539 589 1613 aequales
616 1540 677 1614 ita,
709 1541 745 1599 11
777 1541 860 1614 ipse,
890 1539 951 1600 sub
982 1540 1073 1615 divo,
1105 1541 1138 1600 in
1163 1541 1249 1601 ruris
1272 1548 1347 1602 aere
1370 1540 1495 1601 salubri

264 1655 396 1716 educati
427 1655 539 1714 essent
569 1655 702 1714 omnes!
734 1653 872 1713 Utinam
903 1653 965 1728 ita,
996 1656 1033 1717 ut
1067 1654 1152 1728 ipse,
1185 1669 1282 1729 agros
1312 1657 1345 1715 et
1375 1655 1493 1730 silvas,

264 1784 402 1843 campos
432 1766 597 1840 collesque
627 1768 757 1828 Atticos
787 1767 924 1840 diligere
957 1781 977 1826 a
1010 1767 1122 1841 pueris
1152 1768 1362 1829 didicissent:
1398 1768 1496 1829 aliter

263 1887 332 1943 iarn
362 1883 540 1956 sentirent,
571 1880 667 1940 aliter
696 1881 736 1940 de
767 1879 864 1939 rebus
890 1878 1030 1954 publicis
1052 1881 1267 1942 decernerent
1289 1897 1394 1956 neque
1416 1899 1496 1943 suos

264 1998 328 2058 sibi
352 1995 498 2057 asseclas
521 1993 623 2054 nimis
645 1993 808 2068 patientes
830 1993 964 2053 haberet
987 1993 1131 2054 Pericles
1149 1995 1183 2055 in
1202 1998 1322 2055 senatu
1340 1996 1495 2072 populive

265 2109 493 2184 concionibuS,
525 2123 590 2168 non
621 2106 748 2167 civibus
777 2106 997 2181 locupletibus
1020 2109 1227 2182 imperitaret
1248 2109 1327 2169 faex
1348 2109 1494 2170 Pirsica!

267 2227 311 2284 At
341 2227 447 2285 artem
479 2222 642 2297 quaelibet
665 2221 861 2296 disputando
884 2221 1090 2282 convellendi
1111 2224 1260 2284 discebat
1282 2224 1439 2286 iuventus
1461 2225 1495 2284 in

265 2338 492 2413 sophistarum
516 2336 700 2410 auditoriis,
725 2350 790 2395 non
814 2334 960 2395 discebat
983 2334 1052 2395 illic
1075 2337 1238 2410 quomodo
1256 2337 1365 2397 fulciri
1383 2345 1497 2412 posset

265 2453 412 2512 civitatis
435 2450 641 2526 praeclarum
665 2447 865 2524 aedificium,
889 2449 974 2522 quod
1003 2448 1230 2509 fundamentis
1256 2450 1411 2511 suffossis
1433 2452 1495 2512 rui·

265 2582 346 2626 nam
380 2567 446 2625 iam
477 2565 671 2625 minaretur.
702 2564 740 2622 In
767 2562 950 2623 scribarum
975 2563 1143 2622 nationem
1168 2557 1317 2624 Abierant
1339 2564 1496 2625 Miltiadis

266 2679 487 2752 Aristidisque
518 2678 622 2752 cives,
653 2678 732 2736 nori
762 2675 914 2735 homines
936 2674 1137 2749 rabulaeque
1159 2676 1307 2737 forenses
1330 2677 1497 2738 intereos

266 2793 376 2866 prima
406 2790 576 2866 tenebant,
607 2804 673 2850 non
703 2789 786 2849 bene
817 2789 942 2863 agendo
972 2789 1031 2849 sed
1061 2787 1143 2849 bene
1169 2789 1332 2864 loquendo
1356 2791 1496 2852 Athenis

265 2905 426 2981 opprimis
449 2905 652 2980 studebatur,
676 2918 741 2964 non
764 2918 884 2964 manus
907 2903 952 2962 ibi
975 2902 1214 2963 exercebantur
1236 2904 1293 2964 sed
1316 2905 1450 2981 lingua.
1466 2951 1495 2966 ..

264 3021 377 3095 itaque
400 3036 458 3096 per
481 3020 587 3079 laetos
608 3017 688 3078 olim
710 3017 842 3079 Atticae
866 3032 1002 3092 campos
1021 3017 1154 3091 impune
1173 3021 1238 3078 iam
1260 3020 1497 3092 grassabantur

266 3136 383 3195 hostes
405 3134 597 3193 insolentes.

312 3248 471 3307 iuvenem
491 3246 577 3305 hunc
595 3247 727 3319 poetam
748 3243 1005 3305 Atheniensibus
1025 3243 1104 3303 belli
1124 3247 1219 3303 aestu
1234 3245 1367 3304 iactatis
1378 3261 1496 3307 musae

265 3362 429 3421 dederunt
458 3360 569 3420 luctus
598 3359 787 3436 communis
817 3358 1042 3433 interpretem.
1071 3356 1174 3432 Quem
1200 3358 1383 3419 incitabant
1406 3360 1498 3420 dolor

267 3477 301 3536 et
330 3473 525 3549 indignatio,
558 3471 719 3532 incitabat
747 3486 857 3533 rerum
892 3485 1053 3531 novarum
1085 3470 1197 3530 odium
1229 3472 1384 3548 insitum,
1419 3474 1497 3533 nori

266 3593 382 3649 tamen
412 3586 486 3647 aevi
515 3584 622 3646 fllium
646 3587 681 3646 11
701 3585 821 3660 ipsum.
846 3584 955 3645 Mente
978 3584 1187 3658 acutissima,
1211 3587 1343 3660 ingenio
1366 3588 1497 3649 feracis·

266 3702 368 3777 simo,
399 3699 552 3760 facundia
581 3698 778 3759 inexhausta
811 3698 959 3757 11111111
989 3700 1062 3756 1111
1091 3698 1235 3772 pectoris
1264 3698 1402 3760 humani
1425 3701 1498 3761 iura

268 3818 385 3875 eontra
415 3813 534 3889 capitis
563 3812 686 3889 placita
715 3826 845 3886 severa,
877 3826 943 3871 non
975 3811 1075 3871 iudex
1105 3827 1229 3885 aequus
1260 3814 1332 3874 sine
1364 3814 1413 3874 ira
1440 3818 1499 3875 111

267 3928 380 3989 studio
411 3929 451 3988 de
481 3926 579 3987 rebus
610 3925 750 4001 publicis
773 3925 978 3985 sententiam
1001 3924 1142 4001 laturus,
1167 3928 1225 3986 sed
1249 3928 1398 3987 maxima
1421 3944 1496 3988 cum

267 4042 498 4117 indignatione
518 4040 658 4102 crimina
676 4038 855 4100 immodica
872 4039 1058 4099 iactaturus
1078 4043 1261 4100 accusator.
1283 4042 1395 4115 Apage
1412 4043 1499 4102 insa·

268 4171 348 4216 nam
382 4156 513 4230 imperii
546 4169 639 4230 spem
675 4154 768 4213 illam
797 4156 968 4214 tantorum
999 4153 1165 4214 malorum
1200 4159 1352 4216 11111111
1385 4158 1498 4232 Apage

268 4268 370 4330 fldem
394 4270 574 4330 mendaciis
597 4268 744 4329 virorum
768 4266 976 4343 popularium
1000 4267 1103 4327 nimis
1123 4268 1178 4328 diu
1199 4269 1364 4330 habitam!
1386 4272 1498 4345 Apage

270 4383 467 4457 praesertim
491 4382 626 4443 mollem
650 4382 742 4441 illam
766 4380 889 4441 civium
911 4380 1106 4455 patientiam
1127 4381 1242 4442 stultis
1261 4383 1501 4455 malevolisque

270 4496 408 4557 ducibus
438 4512 504 4557 non
534 4496 756 4557 obstantium!
789 4492 904 4555 Cimon
936 4493 989 4553 ubi
1017 4498 1068 4554 est
1091 4494 1185 4570 alter,
1210 4496 1266 4568 qui
1290 4496 1499 4556 institoribus

271 4612 304 4669 et
337 4609 457 4670 scribis
489 4610 524 4669 in
558 4607 752 4668 umbracula
781 4622 843 4667 111
871 4607 1012 4682 repulsis
1042 4608 1142 4683 prisci
1172 4609 1332 4683 temporis
1363 4610 1498 4669 reducat

271 4738 386 4797 pacem
420 4726 453 4782 et
482 4724 648 4783 nitorem?
679 4721 772 4782 Felix
801 4720 857 4781 ille
889 4721 958 4780 dies
990 4721 1120 4794 quando
1152 4726 1312 4783 venturus
1342 4727 1407 4799 est,
1437 4739 1500 4796 quo

270 4835 372 4895 falces
405 4837 567 4895 cudentur
596 4850 638 4894 ex
671 4833 820 4908 ensibus,
853 4836 887 4892 et
916 4834 1034 4891 hastae
1056 4835 1088 4892 in
1114 4835 1210 4894 corda
1232 4836 1380 4895 fraterna
1401 4837 1502 4896 nimis
