4067 5950
726 770 805 814 vrrs
828 771 868 815 nr
892 771 1061 817 ornsrsus.
1466 749 1507 810 37

274 949 312 1001 ut
344 942 591 1018 Acharnenses,
624 943 752 1002 ornata.
786 940 874 1016 Quae
904 956 971 1002 non
1003 942 1071 1002 iam
1107 939 1288 1001 callistrati
1318 937 1374 998 sed
1406 935 1511 1011 ipsius

273 1053 510 1130 Aristophanis
539 1053 603 1114 iuit
634 1053 725 1126 laus;
756 1051 912 1114 cratinus
942 1056 1057 1114 autem
1088 1066 1192 1113 senex
1222 1051 1408 1126 praelatum
1432 1046 1510 1121 sibi,

273 1170 313 1226 ut
336 1183 423 1229 anno
447 1168 570 1243 priore,
595 1167 678 1226 vidit
700 1169 834 1242 poetam
856 1166 1025 1229 iuvenem.

321 1279 426 1354 Quam
457 1281 604 1341 iudicum
636 1279 843 1340 scenicorum
874 1279 1077 1340 sententiam
1104 1279 1183 1352 quin
1207 1278 1355 1350 iniquam
1379 1273 1512 1334 duxerit

272 1391 432 1452 cratinus
455 1393 596 1453 minime
619 1394 673 1453 est
696 1391 844 1452 dubium.
869 1391 991 1452 Eratne
1014 1394 1128 1452 autern
1151 1390 1278 1464 aequa?

321 1505 474 1566 Fortasse
505 1506 614 1567 satius
644 1507 716 1566 erat
740 1504 823 1564 nihil
847 1503 1010 1566 eiusmodi
1033 1518 1183 1578 rogasse,
1208 1502 1365 1575 quoniam
1390 1512 1511 1573 anceps

272 1633 408 1693 semper
439 1619 478 1678 de
508 1619 590 1679 artis
621 1617 774 1693 operibus
804 1620 856 1679 est
887 1618 1045 1678 iudicium
1076 1631 1182 1689 neque
1213 1615 1313 1676 certis
1342 1612 1508 1674 mensuris

273 1731 328 1791 vei
351 1731 552 1806 ponderibus
576 1733 733 1792 adhibitis
755 1732 867 1807 potest
885 1730 982 1806 effici,
1003 1732 1044 1791 de
1063 1730 1162 1791 huius
1181 1732 1294 1790 autem
1316 1725 1509 1788 certaminis

271 1845 394 1920 poetici
423 1848 548 1906 eventu
579 1845 787 1919 argumentis
816 1844 928 1906 allatis
960 1844 1123 1921 disputari
1155 1858 1195 1904 ne
1227 1844 1338 1918 potest
1360 1839 1508 1915 quidem,

271 1959 389 2031 nequit
424 1959 513 2019 enim
547 1958 660 2019 fabula
693 1958 928 2032 Aristophanis
962 1957 1060 2018 hodie
1096 1957 1236 2018 conferri
1271 1970 1347 2016 cum
1381 1952 1508 2015 cratini

271 2071 388 2132 fabula
422 2072 601 2146 deperdita.
644 2072 680 2132 Id
716 2075 830 2133 tamen
868 2071 1087 2132 manifestum
1123 2073 1188 2147 est,
1225 2085 1245 2130 a
1278 2069 1412 2129 scenica
1444 2066 1507 2126 hac

273 2184 416 2244 victoria
444 2185 584 2246 minime
616 2185 741 2245 aluisse
771 2184 884 2245 studia
906 2185 1053 2259 partium
1078 2184 1239 2246 civilium.
1264 2183 1349 2243 Nam
1373 2197 1411 2242 eo
1435 2195 1507 2241 con·

273 2296 350 2358 silio
380 2298 517 2371 Equites
546 2298 693 2359 fabulam
717 2298 851 2374 scripsit
875 2299 1117 2375 Aristophanes
1140 2302 1178 2359 ut
1201 2300 1311 2360 certae
1335 2295 1507 2358 cuiusdam

273 2411 432 2472 factionis
464 2411 634 2486 opiniones
665 2412 699 2470 in
722 2411 855 2472 theatro
877 2412 988 2487 palam
1013 2411 1189 2489 proterret,
1213 2425 1297 2484 quas
1319 2409 1510 2486 prolocutus

275 2527 330 2585 est
353 2524 464 2584 verbis
494 2525 613 2585 facetis
637 2525 767 2599 quidem
793 2529 828 2586 et
851 2525 1029 2602 aculeatis,
1055 2559 1094 2569 -
1120 2525 1233 2600 piures
1256 2525 1358 2585 etiam
1383 2523 1413 2582 si
1436 2519 1511 2594 quis

276 2637 350 2698 vult
373 2639 407 2697 in
433 2653 507 2698 eum
533 2638 648 2699 laudes
672 2640 836 2700 confertol
852 2685 859 2700 .
875 2684 881 2700 .
897 2684 904 2700 .
918 2640 948 2699 si
971 2639 1070 2700 modo
1095 2639 1207 2715 addat,
1233 2639 1265 2698 id
1289 2637 1374 2711 quod
1397 2632 1509 2708 negari

273 2750 405 2827 nequit,
438 2751 585 2812 violenta
613 2753 867 2827 truculentaque
902 2753 1047 2814 dictione
1082 2752 1269 2813 libellorum
1304 2752 1511 2811 famosorum

273 2879 385 2924 usum.
418 2864 467 2924 Ex
496 2865 563 2925 acri
590 2866 735 2940 partium
760 2867 970 2928 contentione
994 2867 1116 2942 prodiit
1136 2866 1248 2926 fabula
1269 2860 1510 2925 maledicentis·

272 2978 377 3054 sima,
409 2979 450 3039 de
479 2994 544 3052 qua
574 2981 743 3041 sententia
769 2982 841 3041 sine
865 2982 914 3041 ira
937 2983 994 3042 aut
1017 2981 1128 3042 studio
1151 2981 1230 3041 ferri
1253 2978 1358 3040 nihilo
1380 2976 1511 3038 facilius

273 3092 386 3166 potuit
415 3107 515 3166 quam
546 3093 585 3153 de
616 3093 703 3169 ipso,
735 3095 792 3168 qui
821 3095 927 3155 tantis
951 3094 1154 3155 criminibus
1171 3094 1355 3169 petebatur,
1380 3090 1510 3152 cleone.

275 3203 382 3278 Quam
402 3205 465 3264 sibi
484 3204 578 3266 utilis
597 3208 687 3267 esset
706 3209 783 3267 ante
803 3208 915 3268 omnia
936 3207 1098 3282 rogabant
1113 3208 1169 3282 qui
1182 3205 1338 3268 Cleonem
1358 3205 1509 3279 oderant,

273 3332 375 3391 quam
407 3318 554 3393 maligna
584 3320 639 3394 qui
672 3336 691 3380 a
723 3322 815 3395 parte
850 3320 987 3381 stabant
1022 3322 1205 3381 contraria:
1242 3320 1370 3381 satisne
1400 3318 1512 3393 pulcra

273 3433 367 3492 esset
388 3431 534 3506 plerique
556 3433 668 3505 minus
691 3431 861 3495 curabant.

322 3544 411 3605 Felle
442 3546 609 3606 calamum
640 3547 788 3607 tinxerat
818 3550 917 3622 poeta
948 3548 1096 3609 comicus
1126 3548 1212 3608 hanc
1243 3563 1318 3608 curn
1349 3546 1511 3608 scriberet

273 3658 440 3719 fabulam:
472 3659 550 3719 aitis
582 3660 784 3720 clamoribus
816 3660 972 3735 durisque
1003 3662 1120 3736 iurgiis
1150 3664 1223 3722 turn
1256 3677 1331 3722 cum
1364 3662 1440 3721 acta
1462 3661 1514 3719 est

274 3773 425 3832 resonuit
453 3774 632 3834 theatrum.
666 3773 929 3835 Mordacissimis
957 3774 1087 3850 probris
1112 3775 1383 3850 proscindebatur
1406 3773 1512 3833 Ballio

274 3884 394 3960 Populi
413 3887 504 3946 senis
524 3886 743 3961 mancipium,
765 3904 830 3949 non
851 3886 950 3948 Cleon
971 3888 1117 3962 partium
1138 3888 1347 3963 popularium
1361 3888 1445 3948 dux:
1465 3887 1514 3947 sic

274 4000 435 4060 nimirum
469 4000 601 4061 volebat
632 4016 722 4075 mos;
755 4001 813 4063 sed
844 4000 921 4062 iloto
951 4001 1009 4062 iiio
1042 4001 1176 4063 nomine
1206 4000 1288 4061 nihii
1318 4000 1512 4061 mutabatur

275 4111 407 4173 fabulae
431 4117 667 4187 argumentum
693 4118 751 4175 aut
775 4116 943 4176 materies.
968 4114 1201 4190 Apertissimis'
1224 4113 1417 4175 criminibus
1439 4115 1515 4173 inda

276 4225 317 4285 ab
352 4224 449 4285 initio
484 4241 589 4299 usque
621 4228 661 4287 ad
694 4229 824 4289 exitum
855 4228 1032 4304 petebatur
1062 4228 1090 4287 is
1122 4227 1178 4301 qui
1209 4242 1380 4287 summam
1414 4228 1447 4286 in
1478 4242 1514 4286 re

276 4337 409 4413 publica
431 4338 617 4412 obtinebat,
642 4342 676 4400 in
700 4356 840 4403 amoena
867 4344 981 4402 autern
1005 4340 1115 4413 aliqua
1138 4342 1283 4401 iocorum
1309 4340 1515 4400 deverticula

277 4467 319 4527 ne
350 4452 399 4511 ita
429 4454 466 4512 ut
497 4468 583 4514 anno
613 4455 765 4527 proximo
797 4455 966 4515 aberraret
988 4456 1086 4530 poeta
1113 4467 1328 4527 summopere
1362 4456 1512 4526 caverat,

277 4566 369 4625 recta
400 4564 454 4625 via
481 4568 521 4626 ad
546 4568 702 4627 eventum
726 4571 861 4629 strenue
885 4582 1076 4643 properans.
1101 4567 1191 4627 Inter
1215 4567 1433 4626 acerbissima
1455 4566 1512 4625 iiia

278 4678 386 4752 iurgia
421 4680 456 4739 et
485 4679 625 4739 crimina
655 4696 719 4742 non
752 4683 826 4741 erat
855 4681 949 4742 iocus
979 4681 1063 4741 risui
1093 4679 1246 4754 benigno.
1280 4712 1319 4723 -
1354 4678 1511 4754 ,Perinde

279 4793 379 4863 atque
404 4806 522 4853 canem
545 4792 658 4867 flagris
681 4797 715 4854 te
738 4794 948 4854 concidam”i
975 4826 1016 4837 —
1044 4793 1103 4868 „In
1125 4792 1333 4865 sterquilinio
1357 4806 1416 4852 ceu
1440 4805 1512 4868 pur·
