<?xml version="1.0" encoding="UTF-8"?>
<!DOCTYPE html PUBLIC "-//W3C//DTD XHTML 1.0 Transitional//EN"
    "http://www.w3.org/TR/xhtml1/DTD/xhtml1-transitional.dtd">
<html xmlns="http://www.w3.org/1999/xhtml" xml:lang="en" lang="en">
 <head>
  <title>
</title>
<meta http-equiv="Content-Type" content="text/html;charset=utf-8" />
  <meta name='ocr-system' content='tesseract 3.04.00' />
  <meta name='ocr-capabilities' content='ocr_page ocr_carea ocr_par ocr_line ocrx_word'/>
</head>
<body>
  <div class='ocr_page' id='page_1' title='image "./prolegomenaadar01unkngoog/prolegomenaadar01unkngoog_0162.png"; bbox 0 0 4067 5950; ppageno 0'>
   <div class='ocr_carea' id='block_1_1' title="bbox 556 731 1261 794">
    <p class='ocr_par' dir='ltr' id='par_1_1' title="bbox 556 731 1261 794">
     <span class='ocr_line' id='line_1_1' title="bbox 556 731 1261 794; baseline -0.001 -1"><span class='ocrx_word' id='word_1_1' title='bbox 556 731 619 794; x_wconf 80' lang='grc'><strong>110</strong></span> <span class='ocrx_word' id='word_1_2' title='bbox 1072 746 1114 792; x_wconf 85' lang='lat' dir='ltr'><strong>on</strong></span> <span class='ocrx_word' id='word_1_3' title='bbox 1136 746 1261 792; x_wconf 78' lang='lat' dir='ltr'><strong>ronran</strong></span> 
     </span>
    </p>
   </div>
   <div class='ocr_carea' id='block_1_2' title="bbox 559 917 1792 4518">
    <p class='ocr_par' dir='ltr' id='par_1_2' title="bbox 600 917 1247 994">
     <span class='ocr_line' id='line_1_2' title="bbox 600 917 1247 994; baseline 0 -16"><span class='ocrx_word' id='word_1_4' title='bbox 600 952 640 964; x_wconf 90' lang='lat'>-</span> <span class='ocrx_word' id='word_1_5' title='bbox 667 918 941 994; x_wconf 62' lang='lat' dir='ltr'><strong>,Auctionemne</strong></span> <span class='ocrx_word' id='word_1_6' title='bbox 966 917 1092 994; x_wconf 85' lang='lat' dir='ltr'><strong>amice,</strong></span> <span class='ocrx_word' id='word_1_7' title='bbox 1117 917 1247 979; x_wconf 79' lang='lat' dir='ltr'><strong>iacisi”</strong></span> 
     </span>
    </p>

    <p class='ocr_par' dir='ltr' id='par_1_3' title="bbox 601 1029 1223 1108">
     <span class='ocr_line' id='line_1_3' title="bbox 601 1029 1223 1108; baseline 0 -16"><span class='ocrx_word' id='word_1_8' title='bbox 601 1067 639 1077; x_wconf 96' lang='lat'>—</span> <span class='ocrx_word' id='word_1_9' title='bbox 668 1033 796 1108; x_wconf 79' lang='lat' dir='ltr'><strong>„Immo</strong></span> <span class='ocrx_word' id='word_1_10' title='bbox 819 1045 897 1092; x_wconf 90' lang='lat' dir='ltr'><strong>mea</strong></span> <span class='ocrx_word' id='word_1_11' title='bbox 918 1045 995 1092; x_wconf 90' lang='lat' dir='ltr'><strong>sum</strong></span> <span class='ocrx_word' id='word_1_12' title='bbox 1019 1029 1223 1092; x_wconf 87' lang='lat' dir='ltr'><strong>delaturus.”</strong></span> 
     </span>
    </p>

    <p class='ocr_par' dir='ltr' id='par_1_4' title="bbox 601 1144 1415 1222">
     <span class='ocr_line' id='line_1_4' title="bbox 601 1144 1415 1222; baseline 0.001 -17"><span class='ocrx_word' id='word_1_13' title='bbox 601 1179 641 1190; x_wconf 92' lang='lat'>—</span> <span class='ocrx_word' id='word_1_14' title='bbox 669 1145 889 1222; x_wconf 71' lang='grc' dir='ltr'><strong>Ι,1616161161</strong></span> <span class='ocrx_word' id='word_1_15' title='bbox 913 1157 1073 1219; x_wconf 89' lang='lat' dir='ltr'><strong>quorsum</strong></span> <span class='ocrx_word' id='word_1_16' title='bbox 1097 1159 1175 1207; x_wconf 86' lang='lat' dir='ltr'><strong>vero</strong></span> <span class='ocrx_word' id='word_1_17' title='bbox 1199 1144 1415 1208; x_wconf 79' lang='lat' dir='ltr'><strong>delaturus?”</strong></span> 
     </span>
    </p>

    <p class='ocr_par' dir='ltr' id='par_1_5' title="bbox 601 1255 1185 1335">
     <span class='ocr_line' id='line_1_5' title="bbox 601 1255 1185 1335; baseline -0.005 -14"><span class='ocrx_word' id='word_1_18' title='bbox 601 1292 641 1303; x_wconf 91' lang='lat'>—</span> <span class='ocrx_word' id='word_1_19' title='bbox 669 1259 739 1335; x_wconf 81' lang='lat' dir='ltr'><strong>„Ao</strong></span> <span class='ocrx_word' id='word_1_20' title='bbox 763 1256 999 1332; x_wconf 78' lang='lat' dir='ltr'><strong>magistratum</strong></span> <span class='ocrx_word' id='word_1_21' title='bbox 1024 1255 1185 1320; x_wconf 85' lang='lat' dir='ltr'><strong>scilicet.”</strong></span> 
     </span>
    </p>

    <p class='ocr_par' dir='ltr' id='par_1_6' title="bbox 601 1367 1288 1448">
     <span class='ocr_line' id='line_1_6' title="bbox 601 1367 1288 1448; baseline -0.001 -16"><span class='ocrx_word' id='word_1_22' title='bbox 601 1405 641 1416; x_wconf 93' lang='lat'><em>-</em></span> <span class='ocrx_word' id='word_1_23' title='bbox 669 1371 793 1448; x_wconf 79' lang='lat' dir='ltr'><strong>„Satln’</strong></span> <span class='ocrx_word' id='word_1_24' title='bbox 817 1369 909 1446; x_wconf 87' lang='lat' dir='ltr'><strong>sapis</strong></span> <span class='ocrx_word' id='word_1_25' title='bbox 932 1371 995 1430; x_wconf 79' lang='lat' dir='ltr'><strong>tui</strong></span> <span class='ocrx_word' id='word_1_26' title='bbox 1018 1367 1084 1431; x_wconf 76' lang='lat' dir='ltr'><strong>(tur</strong></span> <span class='ocrx_word' id='word_1_27' title='bbox 1106 1370 1288 1432; x_wconf 82' lang='lat' dir='ltr'><strong>tandem?”</strong></span> 
     </span>
    </p>

    <p class='ocr_par' dir='ltr' id='par_1_7' title="bbox 601 1482 1283 1562">
     <span class='ocr_line' id='line_1_7' title="bbox 601 1482 1283 1562; baseline -0.001 -15"><span class='ocrx_word' id='word_1_28' title='bbox 601 1520 640 1530; x_wconf 98' lang='lat'>-</span> <span class='ocrx_word' id='word_1_29' title='bbox 669 1484 780 1562; x_wconf 77' lang='lat' dir='ltr'><strong>„Quod</strong></span> <span class='ocrx_word' id='word_1_30' title='bbox 804 1484 854 1546; x_wconf 87' lang='lat' dir='ltr'><strong>ita</strong></span> <span class='ocrx_word' id='word_1_31' title='bbox 875 1482 947 1546; x_wconf 90' lang='lat' dir='ltr'><strong>fleri</strong></span> <span class='ocrx_word' id='word_1_32' title='bbox 969 1499 1058 1546; x_wconf 87' lang='lat' dir='ltr'><strong>nova</strong></span> <span class='ocrx_word' id='word_1_33' title='bbox 1079 1483 1136 1546; x_wconf 87' lang='lat' dir='ltr'><strong>lex</strong></span> <span class='ocrx_word' id='word_1_34' title='bbox 1159 1484 1283 1548; x_wconf 84' lang='lat' dir='ltr'><strong>iubet.”</strong></span> 
     </span>
    </p>

    <p class='ocr_par' dir='ltr' id='par_1_8' title="bbox 559 1596 1791 1789">
     <span class='ocr_line' id='line_1_8' title="bbox 600 1596 1791 1677; baseline 0 -18"><span class='ocrx_word' id='word_1_35' title='bbox 600 1599 805 1676; x_wconf 84' lang='lat' dir='ltr'><strong>-‚‚1uoeto</strong></span> <span class='ocrx_word' id='word_1_36' title='bbox 838 1599 954 1659; x_wconf 91' lang='lat' dir='ltr'><strong>modol</strong></span> <span class='ocrx_word' id='word_1_37' title='bbox 991 1596 1095 1659; x_wconf 75' lang='lat' dir='ltr'><strong>Estne</strong></span> <span class='ocrx_word' id='word_1_38' title='bbox 1124 1599 1187 1660; x_wconf 91' lang='lat' dir='ltr'><strong>hoc</strong></span> <span class='ocrx_word' id='word_1_39' title='bbox 1216 1599 1281 1660; x_wconf 83' lang='grc'><strong>1111</strong></span> <span class='ocrx_word' id='word_1_40' title='bbox 1310 1599 1411 1677; x_wconf 77' lang='lat' dir='ltr'><strong>frugi,</strong></span> <span class='ocrx_word' id='word_1_41' title='bbox 1443 1600 1574 1676; x_wconf 81' lang='lat' dir='ltr'><strong>legibus</strong></span> <span class='ocrx_word' id='word_1_42' title='bbox 1595 1600 1645 1662; x_wconf 91' lang='lat' dir='ltr'><strong>sic</strong></span> <span class='ocrx_word' id='word_1_43' title='bbox 1666 1599 1791 1661; x_wconf 87' lang='lat' dir='ltr'><strong>statim</strong></span> 
     </span>
     <span class='ocr_line' id='line_1_9' title="bbox 559 1713 756 1789; baseline -0.01 -15"><span class='ocrx_word' id='word_1_44' title='bbox 559 1713 709 1789; x_wconf 78' lang='lat' dir='ltr'><strong>„obedire</strong></span> <span class='ocrx_word' id='word_1_45' title='bbox 717 1713 756 1772; x_wconf 87' lang='lat'><strong>?”</strong></span> 
     </span>
    </p>

    <p class='ocr_par' dir='ltr' id='par_1_9' title="bbox 602 1824 1261 1902">
     <span class='ocr_line' id='line_1_10' title="bbox 602 1824 1261 1902; baseline 0.006 -18"><span class='ocrx_word' id='word_1_46' title='bbox 602 1860 642 1872; x_wconf 93' lang='lat'>-</span> <span class='ocrx_word' id='word_1_47' title='bbox 670 1826 798 1902; x_wconf 80' lang='lat' dir='ltr'><strong>„Immo</strong></span> <span class='ocrx_word' id='word_1_48' title='bbox 822 1824 915 1902; x_wconf 89' lang='lat' dir='ltr'><strong>probi</strong></span> <span class='ocrx_word' id='word_1_49' title='bbox 938 1825 1116 1888; x_wconf 85' lang='lat' dir='ltr'><strong>cuiuslibet</strong></span> <span class='ocrx_word' id='word_1_50' title='bbox 1138 1825 1220 1888; x_wconf 85' lang='lat' dir='ltr'><strong>civis</strong></span> <span class='ocrx_word' id='word_1_51' title='bbox 1230 1827 1261 1888; x_wconf 72' lang='lat'><strong>1³⁹</strong></span> 
     </span>
    </p>

    <p class='ocr_par' dir='ltr' id='par_1_10' title="bbox 602 1937 1022 2016">
     <span class='ocr_line' id='line_1_11' title="bbox 602 1937 1022 2016; baseline 0 -17"><span class='ocrx_word' id='word_1_52' title='bbox 602 1973 643 1984; x_wconf 90' lang='lat'>-</span> <span class='ocrx_word' id='word_1_53' title='bbox 670 1937 877 2016; x_wconf 77' lang='lat' dir='ltr'><strong>„Stultorum</strong></span> <span class='ocrx_word' id='word_1_54' title='bbox 899 1938 1022 2000; x_wconf 78' lang='lat' dir='ltr'><strong>tallol’</strong></span> 
     </span>
    </p>

    <p class='ocr_par' dir='ltr' id='par_1_11' title="bbox 602 2051 1244 2128">
     <span class='ocr_line' id='line_1_12' title="bbox 602 2051 1244 2128; baseline 0 -15"><span class='ocrx_word' id='word_1_55' title='bbox 602 2087 641 2097; x_wconf 99' lang='lat'>-</span> <span class='ocrx_word' id='word_1_56' title='bbox 669 2051 816 2128; x_wconf 78' lang='lat' dir='ltr'><strong>‚Ergone</strong></span> <span class='ocrx_word' id='word_1_57' title='bbox 839 2054 898 2113; x_wconf 86' lang='lat' dir='ltr'><strong>tua</strong></span> <span class='ocrx_word' id='word_1_58' title='bbox 921 2067 986 2113; x_wconf 95' lang='lat' dir='ltr'><strong>non</strong></span> <span class='ocrx_word' id='word_1_59' title='bbox 1010 2051 1139 2113; x_wconf 85' lang='lat' dir='ltr'><strong>deleres</strong></span> <span class='ocrx_word' id='word_1_60' title='bbox 1162 2053 1244 2114; x_wconf 81' lang='lat' dir='ltr'><strong>tu?”</strong></span> 
     </span>
    </p>

    <p class='ocr_par' dir='ltr' id='par_1_12' title="bbox 561 2163 1789 2357">
     <span class='ocr_line' id='line_1_13' title="bbox 602 2163 1789 2243; baseline 0.003 -19"><span class='ocrx_word' id='word_1_61' title='bbox 602 2201 642 2210; x_wconf 98' lang='lat'><em>-</em></span> <span class='ocrx_word' id='word_1_62' title='bbox 670 2165 730 2242; x_wconf 78' lang='lat' dir='ltr'><strong>„ni</strong></span> <span class='ocrx_word' id='word_1_63' title='bbox 761 2164 916 2226; x_wconf 81' lang='lat' dir='ltr'>meliora!</span> <span class='ocrx_word' id='word_1_64' title='bbox 946 2163 1011 2226; x_wconf 85' lang='lat' dir='ltr'><strong>Our</strong></span> <span class='ocrx_word' id='word_1_65' title='bbox 1035 2168 1149 2227; x_wconf 89' lang='lat' dir='ltr'><strong>autem</strong></span> <span class='ocrx_word' id='word_1_66' title='bbox 1171 2166 1354 2228; x_wconf 81' lang='lat' dir='ltr'><strong>festinem?</strong></span> <span class='ocrx_word' id='word_1_67' title='bbox 1382 2166 1570 2243; x_wconf 81' lang='lat' dir='ltr'>Expectabo</span> <span class='ocrx_word' id='word_1_68' title='bbox 1594 2168 1683 2228; x_wconf 87' lang='lat' dir='ltr'><strong>certe</strong></span> <span class='ocrx_word' id='word_1_69' title='bbox 1705 2167 1789 2242; x_wconf 87' lang='lat' dir='ltr'><strong>quid</strong></span> 
     </span>
     <span class='ocr_line' id='line_1_14' title="bbox 561 2277 988 2357; baseline -0.007 -16"><span class='ocrx_word' id='word_1_70' title='bbox 561 2281 704 2357; x_wconf 78' lang='lat' dir='ltr'><strong>„faciant</strong></span> <span class='ocrx_word' id='word_1_71' title='bbox 727 2278 797 2355; x_wconf 86' lang='lat' dir='ltr'><strong>alli,</strong></span> <span class='ocrx_word' id='word_1_72' title='bbox 823 2277 942 2341; x_wconf 90' lang='lat' dir='ltr'><strong>dein..</strong></span> <span class='ocrx_word' id='word_1_73' title='bbox 957 2280 988 2341; x_wconf 88' lang='grc'><strong>.”</strong></span> 
     </span>
    </p>

    <p class='ocr_par' dir='ltr' id='par_1_13' title="bbox 602 2392 920 2470">
     <span class='ocr_line' id='line_1_15' title="bbox 602 2392 920 2470; baseline -0.006 -16"><span class='ocrx_word' id='word_1_74' title='bbox 602 2428 642 2440; x_wconf 93' lang='grc'>-</span> <span class='ocrx_word' id='word_1_75' title='bbox 670 2393 773 2470; x_wconf 80' lang='lat' dir='ltr'><strong>„Quid</strong></span> <span class='ocrx_word' id='word_1_76' title='bbox 796 2392 920 2454; x_wconf 82' lang='lat' dir='ltr'><strong>dein?”</strong></span> 
     </span>
    </p>

    <p class='ocr_par' dir='ltr' id='par_1_14' title="bbox 562 2504 1790 2700">
     <span class='ocr_line' id='line_1_16' title="bbox 603 2504 1790 2584; baseline 0 -16"><span class='ocrx_word' id='word_1_77' title='bbox 603 2543 643 2552; x_wconf 94' lang='lat'>—</span> <span class='ocrx_word' id='word_1_78' title='bbox 671 2508 770 2584; x_wconf 77' lang='lat' dir='ltr'><strong>„Dein</strong></span> <span class='ocrx_word' id='word_1_79' title='bbox 796 2507 897 2568; x_wconf 90' lang='lat' dir='ltr'><strong>etlam</strong></span> <span class='ocrx_word' id='word_1_80' title='bbox 917 2504 1097 2582; x_wconf 78' lang='lat' dir='ltr'><strong>expectabo</strong></span> <span class='ocrx_word' id='word_1_81' title='bbox 1120 2505 1310 2583; x_wconf 82' lang='lat' dir='ltr'><strong>paullisper,</strong></span> <span class='ocrx_word' id='word_1_82' title='bbox 1329 2508 1402 2567; x_wconf 92' lang='lat' dir='ltr'><strong>tum</strong></span> <span class='ocrx_word' id='word_1_83' title='bbox 1423 2506 1573 2568; x_wconf 86' lang='lat' dir='ltr'><strong>differam</strong></span> <span class='ocrx_word' id='word_1_84' title='bbox 1592 2523 1673 2569; x_wconf 91' lang='lat' dir='ltr'><strong>rem.</strong></span> <span class='ocrx_word' id='word_1_85' title='bbox 1693 2507 1790 2568; x_wconf 80' lang='lat' dir='ltr'><strong>Sem·</strong></span> 
     </span>
     <span class='ocr_line' id='line_1_17' title="bbox 562 2618 1514 2700; baseline -0.004 -16"><span class='ocrx_word' id='word_1_86' title='bbox 562 2637 639 2700; x_wconf 78' lang='lat' dir='ltr'><strong>„per</strong></span> <span class='ocrx_word' id='word_1_87' title='bbox 663 2622 752 2682; x_wconf 91' lang='lat' dir='ltr'><strong>enim</strong></span> <span class='ocrx_word' id='word_1_88' title='bbox 775 2620 976 2696; x_wconf 87' lang='lat' dir='ltr'><strong>inexpectati</strong></span> <span class='ocrx_word' id='word_1_89' title='bbox 1000 2618 1122 2694; x_wconf 85' lang='lat' dir='ltr'><strong>aliquid</strong></span> <span class='ocrx_word' id='word_1_90' title='bbox 1145 2620 1348 2682; x_wconf 83' lang='lat' dir='ltr'><strong>intercedere</strong></span> <span class='ocrx_word' id='word_1_91' title='bbox 1371 2622 1514 2696; x_wconf 63' lang='lat' dir='ltr'><strong>potesse·</strong></span> 
     </span>
    </p>

    <p class='ocr_par' dir='ltr' id='par_1_15' title="bbox 605 2733 1128 2810">
     <span class='ocr_line' id='line_1_18' title="bbox 605 2733 1128 2810; baseline -0.004 -15"><span class='ocrx_word' id='word_1_92' title='bbox 605 2769 646 2780; x_wconf 95' lang='lat'>-</span> <span class='ocrx_word' id='word_1_93' title='bbox 673 2733 774 2810; x_wconf 72' lang='lat' dir='ltr'><strong>¹‚Quid</strong></span> <span class='ocrx_word' id='word_1_94' title='bbox 799 2750 876 2795; x_wconf 89' lang='lat' dir='ltr'><strong>vero</strong></span> <span class='ocrx_word' id='word_1_95' title='bbox 899 2733 1128 2795; x_wconf 85' lang='lat' dir='ltr'><strong>intercedat?”</strong></span> 
     </span>
    </p>

    <p class='ocr_par' dir='ltr' id='par_1_16' title="bbox 561 2845 1791 3267">
     <span class='ocr_line' id='line_1_19' title="bbox 608 2845 1790 2925; baseline -0.001 -17"><span class='ocrx_word' id='word_1_96' title='bbox 608 2882 648 2892; x_wconf 93' lang='lat'>-</span> <span class='ocrx_word' id='word_1_97' title='bbox 674 2848 813 2924; x_wconf 78' lang='lat' dir='ltr'><strong>„Terrae</strong></span> <span class='ocrx_word' id='word_1_98' title='bbox 842 2848 968 2924; x_wconf 90' lang='lat' dir='ltr'><strong>motus,</strong></span> <span class='ocrx_word' id='word_1_99' title='bbox 1000 2845 1146 2924; x_wconf 83' lang='lat' dir='ltr'><strong>exempli</strong></span> <span class='ocrx_word' id='word_1_100' title='bbox 1173 2860 1288 2922; x_wconf 88' lang='lat' dir='ltr'><strong>causa,</strong></span> <span class='ocrx_word' id='word_1_101' title='bbox 1311 2845 1366 2908; x_wconf 81' lang='lat' dir='ltr'><strong>vel</strong></span> <span class='ocrx_word' id='word_1_102' title='bbox 1389 2846 1592 2925; x_wconf 90' lang='lat' dir='ltr'><strong>incendium,</strong></span> <span class='ocrx_word' id='word_1_103' title='bbox 1620 2846 1675 2908; x_wconf 86' lang='lat' dir='ltr'><strong>vel</strong></span> <span class='ocrx_word' id='word_1_104' title='bbox 1696 2847 1790 2907; x_wconf 89' lang='lat' dir='ltr'><strong>aliud</strong></span> 
     </span>
     <span class='ocr_line' id='line_1_20' title="bbox 562 2959 1790 3039; baseline -0.002 -16"><span class='ocrx_word' id='word_1_105' title='bbox 562 2962 723 3039; x_wconf 77' lang='lat' dir='ltr'><strong>„quidvis</strong></span> <span class='ocrx_word' id='word_1_106' title='bbox 753 2961 896 3022; x_wconf 83' lang='lat' dir='ltr'><strong>Athenis</strong></span> <span class='ocrx_word' id='word_1_107' title='bbox 926 2960 1057 3024; x_wconf 88' lang='lat' dir='ltr'><strong>decreta</strong></span> <span class='ocrx_word' id='word_1_108' title='bbox 1079 2959 1164 3023; x_wconf 87' lang='lat' dir='ltr'><strong>ilunt</strong></span> <span class='ocrx_word' id='word_1_109' title='bbox 1186 2963 1224 3023; x_wconf 92' lang='lat' dir='ltr'><strong>nt</strong></span> <span class='ocrx_word' id='word_1_110' title='bbox 1246 2975 1331 3023; x_wconf 88' lang='lat' dir='ltr'><strong>novo</strong></span> <span class='ocrx_word' id='word_1_111' title='bbox 1354 2976 1434 3023; x_wconf 88' lang='lat' dir='ltr'><strong>mox</strong></span> <span class='ocrx_word' id='word_1_112' title='bbox 1457 2961 1588 3024; x_wconf 88' lang='lat' dir='ltr'><strong>decreto</strong></span> <span class='ocrx_word' id='word_1_113' title='bbox 1610 2960 1790 3033; x_wconf 89' lang='lat' dir='ltr'><strong>tollantur;</strong></span> 
     </span>
     <span class='ocr_line' id='line_1_21' title="bbox 562 3074 1791 3153; baseline -0.002 -15"><span class='ocrx_word' id='word_1_114' title='bbox 562 3078 668 3153; x_wconf 83' lang='lat' dir='ltr'><strong>„quod</strong></span> <span class='ocrx_word' id='word_1_115' title='bbox 698 3092 773 3137; x_wconf 89' lang='lat' dir='ltr'><strong>cum</strong></span> <span class='ocrx_word' id='word_1_116' title='bbox 807 3076 933 3137; x_wconf 87' lang='lat' dir='ltr'><strong>factum</strong></span> <span class='ocrx_word' id='word_1_117' title='bbox 956 3076 1069 3153; x_wconf 85' lang='lat' dir='ltr'><strong>inerit,</strong></span> <span class='ocrx_word' id='word_1_118' title='bbox 1094 3076 1209 3137; x_wconf 88' lang='lat' dir='ltr'><strong>stultis</strong></span> <span class='ocrx_word' id='word_1_119' title='bbox 1231 3074 1421 3137; x_wconf 87' lang='lat' dir='ltr'><strong>hominibus</strong></span> <span class='ocrx_word' id='word_1_120' title='bbox 1452 3075 1564 3137; x_wconf 82' lang='lat' dir='ltr'><strong>eiuro</strong></span> <span class='ocrx_word' id='word_1_121' title='bbox 1587 3075 1791 3151; x_wconf 81' lang='lat' dir='ltr'><strong>repetendae</strong></span> 
     </span>
     <span class='ocr_line' id='line_1_22' title="bbox 561 3189 1495 3267; baseline -0.002 -16"><span class='ocrx_word' id='word_1_122' title='bbox 561 3193 679 3266; x_wconf 81' lang='lat' dir='ltr'><strong>„erunt</strong></span> <span class='ocrx_word' id='word_1_123' title='bbox 701 3205 768 3267; x_wconf 89' lang='lat' dir='ltr'><strong>res,</strong></span> <span class='ocrx_word' id='word_1_124' title='bbox 791 3204 874 3263; x_wconf 88' lang='lat' dir='ltr'><strong>quas</strong></span> <span class='ocrx_word' id='word_1_125' title='bbox 897 3189 1003 3250; x_wconf 87' lang='lat' dir='ltr'><strong>multo</strong></span> <span class='ocrx_word' id='word_1_126' title='bbox 1027 3189 1105 3251; x_wconf 91' lang='lat' dir='ltr'><strong>illuc</strong></span> <span class='ocrx_word' id='word_1_127' title='bbox 1128 3189 1240 3251; x_wconf 91' lang='lat' dir='ltr'><strong>labore</strong></span> <span class='ocrx_word' id='word_1_128' title='bbox 1264 3190 1495 3250; x_wconf 87' lang='lat' dir='ltr'><strong>contulerint.”</strong></span> 
     </span>
    </p>

    <p class='ocr_par' dir='ltr' id='par_1_17' title="bbox 562 3301 1791 3494">
     <span class='ocr_line' id='line_1_23' title="bbox 603 3301 1791 3380; baseline -0.003 -16"><span class='ocrx_word' id='word_1_129' title='bbox 603 3337 646 3345; x_wconf 94' lang='lat'><strong>—-</strong></span> <span class='ocrx_word' id='word_1_130' title='bbox 672 3304 737 3380; x_wconf 78' lang='lat' dir='ltr'><strong>„At</strong></span> <span class='ocrx_word' id='word_1_131' title='bbox 767 3318 826 3378; x_wconf 84' lang='lat' dir='ltr'><strong>ego</strong></span> <span class='ocrx_word' id='word_1_132' title='bbox 859 3302 962 3363; x_wconf 89' lang='lat' dir='ltr'><strong>etiam</strong></span> <span class='ocrx_word' id='word_1_133' title='bbox 993 3304 1142 3365; x_wconf 88' lang='lat' dir='ltr'><strong>cunctari</strong></span> <span class='ocrx_word' id='word_1_134' title='bbox 1174 3302 1268 3377; x_wconf 90' lang='lat' dir='ltr'><strong>nolo;</strong></span> <span class='ocrx_word' id='word_1_135' title='bbox 1301 3301 1498 3377; x_wconf 83' lang='lat' dir='ltr'><strong>supellectili</strong></span> <span class='ocrx_word' id='word_1_136' title='bbox 1527 3301 1636 3364; x_wconf 92' lang='lat' dir='ltr'><strong>locum</strong></span> <span class='ocrx_word' id='word_1_137' title='bbox 1660 3301 1791 3377; x_wconf 88' lang='lat' dir='ltr'><strong>quaesi·</strong></span> 
     </span>
     <span class='ocr_line' id='line_1_24' title="bbox 562 3417 795 3494; baseline -0.004 -16"><span class='ocrx_word' id='word_1_138' title='bbox 562 3420 655 3494; x_wconf 77' lang='lat' dir='ltr'><strong>„tum</strong></span> <span class='ocrx_word' id='word_1_139' title='bbox 679 3417 795 3478; x_wconf 86' lang='lat' dir='ltr'><strong>abeo.”</strong></span> 
     </span>
    </p>

    <p class='ocr_par' dir='ltr' id='par_1_18' title="bbox 562 3528 1790 3834">
     <span class='ocr_line' id='line_1_25' title="bbox 606 3528 1790 3608; baseline -0.002 -17"><span class='ocrx_word' id='word_1_140' title='bbox 606 3565 646 3575; x_wconf 91' lang='lat'>—</span> <span class='ocrx_word' id='word_1_141' title='bbox 673 3531 719 3606; x_wconf 74' lang='grc' dir='ltr'><strong>,Ο</strong></span> <span class='ocrx_word' id='word_1_142' title='bbox 742 3529 842 3608; x_wconf 89' lang='lat' dir='ltr'><strong>bone,</strong></span> <span class='ocrx_word' id='word_1_143' title='bbox 867 3530 957 3591; x_wconf 87' lang='lat' dir='ltr'><strong>lente</strong></span> <span class='ocrx_word' id='word_1_144' title='bbox 979 3530 1103 3591; x_wconf 71' lang='lat' dir='ltr'><strong>satiust</strong></span> <span class='ocrx_word' id='word_1_145' title='bbox 1134 3530 1205 3592; x_wconf 86' lang='lat' dir='ltr'><strong>Non</strong></span> <span class='ocrx_word' id='word_1_146' title='bbox 1229 3530 1332 3593; x_wconf 89' lang='lat' dir='ltr'><strong>deerit</strong></span> <span class='ocrx_word' id='word_1_147' title='bbox 1353 3530 1461 3607; x_wconf 88' lang='lat' dir='ltr'><strong>locus,</strong></span> <span class='ocrx_word' id='word_1_148' title='bbox 1486 3544 1552 3591; x_wconf 95' lang='lat' dir='ltr'><strong>non</strong></span> <span class='ocrx_word' id='word_1_149' title='bbox 1575 3528 1681 3590; x_wconf 89' lang='lat' dir='ltr'><strong>deerit</strong></span> <span class='ocrx_word' id='word_1_150' title='bbox 1703 3531 1790 3589; x_wconf 88' lang='lat' dir='ltr'><strong>tem-</strong></span> 
     </span>
     <span class='ocr_line' id='line_1_26' title="bbox 562 3643 1790 3721; baseline -0.002 -16"><span class='ocrx_word' id='word_1_151' title='bbox 562 3660 657 3721; x_wconf 79' lang='lat' dir='ltr'><strong>„pus‚</strong></span> <span class='ocrx_word' id='word_1_152' title='bbox 692 3644 775 3705; x_wconf 90' lang='lat' dir='ltr'><strong>milri</strong></span> <span class='ocrx_word' id='word_1_153' title='bbox 809 3644 922 3705; x_wconf 83' lang='lat' dir='ltr'><strong>credet</strong></span> <span class='ocrx_word' id='word_1_154' title='bbox 957 3643 1099 3703; x_wconf 76' lang='lat' dir='ltr'><strong>Etiamsi</strong></span> <span class='ocrx_word' id='word_1_155' title='bbox 1129 3644 1283 3718; x_wconf 88' lang='lat' dir='ltr'><strong>perendie</strong></span> <span class='ocrx_word' id='word_1_156' title='bbox 1313 3644 1447 3721; x_wconf 85' lang='lat' dir='ltr'><strong>venias,</strong></span> <span class='ocrx_word' id='word_1_157' title='bbox 1479 3644 1534 3704; x_wconf 86' lang='lat' dir='ltr'><strong>sat</strong></span> <span class='ocrx_word' id='word_1_158' title='bbox 1556 3644 1622 3705; x_wconf 91' lang='lat' dir='ltr'><strong>cito</strong></span> <span class='ocrx_word' id='word_1_159' title='bbox 1645 3645 1790 3704; x_wconf 83' lang='lat' dir='ltr'><strong>ventum</strong></span> 
     </span>
     <span class='ocr_line' id='line_1_27' title="bbox 563 3757 1153 3834; baseline -0.005 -15"><span class='ocrx_word' id='word_1_160' title='bbox 563 3758 699 3834; x_wconf 80' lang='lat' dir='ltr'><strong>„fueritt</strong></span> <span class='ocrx_word' id='word_1_161' title='bbox 723 3758 788 3818; x_wconf 87' lang='lat' dir='ltr'><strong>erit</strong></span> <span class='ocrx_word' id='word_1_162' title='bbox 809 3757 866 3817; x_wconf 91' lang='lat' dir='ltr'><strong>ubi</strong></span> <span class='ocrx_word' id='word_1_163' title='bbox 887 3759 947 3818; x_wconf 88' lang='lat' dir='ltr'><strong>tua</strong></span> <span class='ocrx_word' id='word_1_164' title='bbox 969 3757 1153 3819; x_wconf 88' lang='lat' dir='ltr'><strong>collocesl”</strong></span> 
     </span>
    </p>

    <p class='ocr_par' dir='ltr' id='par_1_19' title="bbox 559 3867 1792 4518">
     <span class='ocr_line' id='line_1_28' title="bbox 604 3867 1791 3949; baseline -0.001 -18"><span class='ocrx_word' id='word_1_165' title='bbox 604 3873 650 3932; x_wconf 87' lang='lat' dir='ltr'><strong>At</strong></span> <span class='ocrx_word' id='word_1_166' title='bbox 683 3867 1030 3949; x_wconf 75' lang='lat' dir='ltr'><strong>venitpraeconissa,</strong></span> <span class='ocrx_word' id='word_1_167' title='bbox 1055 3906 1097 3916; x_wconf 88' lang='lat'>-</span> <span class='ocrx_word' id='word_1_168' title='bbox 1121 3886 1200 3932; x_wconf 90' lang='lat' dir='ltr'><strong>nam</strong></span> <span class='ocrx_word' id='word_1_169' title='bbox 1230 3872 1374 3933; x_wconf 87' lang='lat' dir='ltr'><strong>laminae</strong></span> <span class='ocrx_word' id='word_1_170' title='bbox 1409 3870 1477 3931; x_wconf 89' lang='lat' dir='ltr'><strong>iam</strong></span> <span class='ocrx_word' id='word_1_171' title='bbox 1508 3870 1637 3932; x_wconf 88' lang='lat' dir='ltr'><strong>cunctis</strong></span> <span class='ocrx_word' id='word_1_172' title='bbox 1671 3869 1791 3931; x_wconf 85' lang='lat' dir='ltr'><strong>officiis</strong></span> 
     </span>
     <span class='ocr_line' id='line_1_29' title="bbox 560 3984 1788 4062; baseline -0.001 -17"><span class='ocrx_word' id='word_1_173' title='bbox 560 3985 743 4060; x_wconf 83' lang='lat' dir='ltr'><strong>iunguntur</strong></span> <span class='ocrx_word' id='word_1_174' title='bbox 771 3986 912 4062; x_wconf 87' lang='lat' dir='ltr'><strong>publicis</strong></span> <span class='ocrx_word' id='word_1_175' title='bbox 935 3989 969 4048; x_wconf 90' lang='grc'><strong>61</strong></span> <span class='ocrx_word' id='word_1_176' title='bbox 991 4002 1079 4049; x_wconf 85' lang='lat' dir='ltr'><strong>nova</strong></span> <span class='ocrx_word' id='word_1_177' title='bbox 1101 3986 1238 4047; x_wconf 85' lang='lat' dir='ltr'><strong>nomina</strong></span> <span class='ocrx_word' id='word_1_178' title='bbox 1260 3986 1337 4047; x_wconf 91' lang='lat' dir='ltr'><strong>tulit</strong></span> <span class='ocrx_word' id='word_1_179' title='bbox 1360 4000 1468 4048; x_wconf 87' lang='lat' dir='ltr'><strong>novus</strong></span> <span class='ocrx_word' id='word_1_180' title='bbox 1490 3999 1601 4046; x_wconf 91' lang='lat' dir='ltr'><strong>rerum</strong></span> <span class='ocrx_word' id='word_1_181' title='bbox 1626 3984 1718 4059; x_wconf 84' lang='lat' dir='ltr'><strong>ordo,</strong></span> <span class='ocrx_word' id='word_1_182' title='bbox 1748 4018 1788 4028; x_wconf 92' lang='lat'>-</span> 
     </span>
     <span class='ocr_line' id='line_1_30' title="bbox 559 4096 1792 4176; baseline -0.002 -17"><span class='ocrx_word' id='word_1_183' title='bbox 559 4114 643 4173; x_wconf 88' lang='lat' dir='ltr'><strong>quae</strong></span> <span class='ocrx_word' id='word_1_184' title='bbox 676 4099 743 4160; x_wconf 87' lang='grc'><strong>6116</strong></span> <span class='ocrx_word' id='word_1_185' title='bbox 775 4115 856 4161; x_wconf 84' lang='lat' dir='ltr'><strong>voce</strong></span> <span class='ocrx_word' id='word_1_186' title='bbox 885 4100 1010 4161; x_wconf 87' lang='lat' dir='ltr'><strong>invitat</strong></span> <span class='ocrx_word' id='word_1_187' title='bbox 1038 4099 1199 4176; x_wconf 90' lang='lat' dir='ltr'><strong>populum</strong></span> <span class='ocrx_word' id='word_1_188' title='bbox 1234 4100 1269 4159; x_wconf 89' lang='lat' dir='ltr'><strong>in</strong></span> <span class='ocrx_word' id='word_1_189' title='bbox 1299 4114 1414 4160; x_wconf 90' lang='lat' dir='ltr'><strong>cenam</strong></span> <span class='ocrx_word' id='word_1_190' title='bbox 1446 4111 1669 4160; x_wconf 91' lang='lat' dir='ltr'><strong>communem.</strong></span> <span class='ocrx_word' id='word_1_191' title='bbox 1701 4096 1792 4157; x_wconf 88' lang='lat' dir='ltr'><strong>Nam</strong></span> 
     </span>
     <span class='ocr_line' id='line_1_31' title="bbox 560 4210 1790 4291; baseline -0.002 -17"><span class='ocrx_word' id='word_1_192' title='bbox 560 4213 687 4287; x_wconf 85' lang='lat' dir='ltr'><strong>primae</strong></span> <span class='ocrx_word' id='word_1_193' title='bbox 724 4214 823 4290; x_wconf 87' lang='lat' dir='ltr'><strong>dapes</strong></span> <span class='ocrx_word' id='word_1_194' title='bbox 857 4218 950 4277; x_wconf 87' lang='lat' dir='ltr'><strong>stant</strong></span> <span class='ocrx_word' id='word_1_195' title='bbox 983 4218 1118 4291; x_wconf 86' lang='lat' dir='ltr'><strong>paratae</strong></span> <span class='ocrx_word' id='word_1_196' title='bbox 1154 4215 1285 4277; x_wconf 87' lang='lat' dir='ltr'><strong>civitati</strong></span> <span class='ocrx_word' id='word_1_197' title='bbox 1318 4215 1352 4274; x_wconf 91' lang='lat' dir='ltr'><strong>in</strong></span> <span class='ocrx_word' id='word_1_198' title='bbox 1386 4228 1488 4275; x_wconf 92' lang='lat' dir='ltr'><strong>unam</strong></span> <span class='ocrx_word' id='word_1_199' title='bbox 1522 4213 1589 4273; x_wconf 90' lang='lat' dir='ltr'><strong>iam</strong></span> <span class='ocrx_word' id='word_1_200' title='bbox 1624 4210 1790 4272; x_wconf 84' lang='lat' dir='ltr'><strong>familiam</strong></span> 
     </span>
     <span class='ocr_line' id='line_1_32' title="bbox 560 4322 1791 4405; baseline -0.002 -20"><span class='ocrx_word' id='word_1_201' title='bbox 560 4326 728 4401; x_wconf 85' lang='lat' dir='ltr'><strong>ingentem</strong></span> <span class='ocrx_word' id='word_1_202' title='bbox 764 4328 967 4390; x_wconf 88' lang='lat' dir='ltr'><strong>coniunctae.</strong></span> <span class='ocrx_word' id='word_1_203' title='bbox 1000 4328 1068 4405; x_wconf 76' lang='lat' dir='ltr'><strong>Quo</strong></span> <span class='ocrx_word' id='word_1_204' title='bbox 1099 4328 1210 4390; x_wconf 88' lang='lat' dir='ltr'><strong>audito</strong></span> <span class='ocrx_word' id='word_1_205' title='bbox 1249 4329 1299 4389; x_wconf 87' lang='lat' dir='ltr'><strong>vir</strong></span> <span class='ocrx_word' id='word_1_206' title='bbox 1331 4328 1386 4389; x_wconf 90' lang='lat' dir='ltr'><strong>ille</strong></span> <span class='ocrx_word' id='word_1_207' title='bbox 1420 4326 1555 4401; x_wconf 85' lang='lat' dir='ltr'><strong>tardior,</strong></span> <span class='ocrx_word' id='word_1_208' title='bbox 1590 4325 1646 4399; x_wconf 87' lang='lat' dir='ltr'><strong>qui</strong></span> <span class='ocrx_word' id='word_1_209' title='bbox 1678 4322 1791 4398; x_wconf 85' lang='lat' dir='ltr'><strong>negle-</strong></span> 
     </span>
     <span class='ocr_line' id='line_1_33' title="bbox 560 4438 1791 4518; baseline 0.001 -19"><span class='ocrx_word' id='word_1_210' title='bbox 560 4440 666 4515; x_wconf 85' lang='lat' dir='ltr'><strong>genda</strong></span> <span class='ocrx_word' id='word_1_211' title='bbox 692 4442 906 4516; x_wconf 91' lang='lat' dir='ltr'><strong>potissimum</strong></span> <span class='ocrx_word' id='word_1_212' title='bbox 930 4459 1006 4505; x_wconf 90' lang='lat' dir='ltr'><strong>esse</strong></span> <span class='ocrx_word' id='word_1_213' title='bbox 1029 4444 1291 4518; x_wconf 79' lang='lat' dir='ltr'><strong>magistratuum</strong></span> <span class='ocrx_word' id='word_1_214' title='bbox 1315 4442 1474 4503; x_wconf 90' lang='lat' dir='ltr'><strong>mandata</strong></span> <span class='ocrx_word' id='word_1_215' title='bbox 1495 4441 1593 4503; x_wconf 91' lang='lat' dir='ltr'><strong>modo</strong></span> <span class='ocrx_word' id='word_1_216' title='bbox 1615 4438 1791 4516; x_wconf 87' lang='lat' dir='ltr'><strong>profiteba-</strong></span> 
     </span>
    </p>
   </div>
   <div class='ocr_carea' id='block_1_3' title="bbox 560 4554 1859 4746">
    <p class='ocr_par' dir='ltr' id='par_1_20' title="bbox 560 4554 1859 4746">
     <span class='ocr_line' id='line_1_34' title="bbox 560 4554 1859 4651; baseline 0.002 -39"><span class='ocrx_word' id='word_1_217' title='bbox 560 4556 623 4629; x_wconf 82' lang='lat' dir='ltr'><strong>tur,</strong></span> <span class='ocrx_word' id='word_1_218' title='bbox 647 4554 757 4617; x_wconf 89' lang='lat' dir='ltr'><strong>subito</strong></span> <span class='ocrx_word' id='word_1_219' title='bbox 776 4557 890 4617; x_wconf 87' lang='lat' dir='ltr'><strong>ardere</strong></span> <span class='ocrx_word' id='word_1_220' title='bbox 910 4561 1098 4633; x_wconf 86' lang='lat' dir='ltr'><strong>correptus:</strong></span> <span class='ocrx_word' id='word_1_221' title='bbox 1126 4556 1230 4634; x_wconf 76' lang='lat' dir='ltr'><strong>„Quin</strong></span> <span class='ocrx_word' id='word_1_222' title='bbox 1251 4557 1351 4632; x_wconf 86' lang='lat' dir='ltr'><strong>igitur</strong></span> <span class='ocrx_word' id='word_1_223' title='bbox 1370 4555 1537 4631; x_wconf 87' lang='lat' dir='ltr'><strong>extemplo</strong></span> <span class='ocrx_word' id='word_1_224' title='bbox 1556 4554 1789 4629; x_wconf 88' lang='lat' dir='ltr'><strong>obtemperol”</strong></span> <span class='ocrx_word' id='word_1_225' title='bbox 1858 4630 1859 4651; x_wconf 13' lang='grc' dir='ltr'><strong>Χ</strong></span> 
     </span>
     <span class='ocr_line' id='line_1_35' title="bbox 561 4667 1859 4746; baseline 0 -19"><span class='ocrx_word' id='word_1_226' title='bbox 561 4667 727 4730; x_wconf 85' lang='lat' dir='ltr'><strong>exclamat</strong></span> <span class='ocrx_word' id='word_1_227' title='bbox 757 4673 791 4732; x_wconf 92' lang='lat' dir='ltr'><strong>et</strong></span> <span class='ocrx_word' id='word_1_228' title='bbox 822 4686 860 4732; x_wconf 93' lang='lat' dir='ltr'><strong>eo</strong></span> <span class='ocrx_word' id='word_1_229' title='bbox 892 4672 983 4733; x_wconf 88' lang='lat' dir='ltr'><strong>volat</strong></span> <span class='ocrx_word' id='word_1_230' title='bbox 1013 4687 1077 4746; x_wconf 91' lang='lat' dir='ltr'><strong>quo</strong></span> <span class='ocrx_word' id='word_1_231' title='bbox 1110 4674 1232 4733; x_wconf 88' lang='lat' dir='ltr'><strong>vocant</strong></span> <span class='ocrx_word' id='word_1_232' title='bbox 1250 4671 1393 4732; x_wconf 88' lang='lat' dir='ltr'><strong>officium</strong></span> <span class='ocrx_word' id='word_1_233' title='bbox 1417 4671 1513 4732; x_wconf 90' lang='lat' dir='ltr'><strong>civile</strong></span> <span class='ocrx_word' id='word_1_234' title='bbox 1537 4671 1570 4732; x_wconf 87' lang='lat' dir='ltr'><strong>et</strong></span> <span class='ocrx_word' id='word_1_235' title='bbox 1592 4668 1790 4730; x_wconf 87' lang='lat' dir='ltr'><strong>stomachus</strong></span> <span class='ocrx_word' id='word_1_236' title='bbox 1858 4736 1859 4739; x_wconf 8' lang='grc' dir='ltr'><strong>Ἴ</strong></span> 
     </span>
    </p>
   </div>
   <div class='ocr_carea' id='block_1_4' title="bbox 560 4785 925 4856">
    <p class='ocr_par' dir='ltr' id='par_1_21' title="bbox 560 4785 925 4856">
     <span class='ocr_line' id='line_1_36' title="bbox 560 4785 925 4856; baseline 0 -11"><span class='ocrx_word' id='word_1_237' title='bbox 560 4785 718 4856; x_wconf 87' lang='lat' dir='ltr'><strong>esuriens.</strong></span> <span class='ocrx_word' id='word_1_238' title='bbox 743 4786 801 4848; x_wconf 83' lang='lat' dir='ltr'><strong>(lui</strong></span> <span class='ocrx_word' id='word_1_239' title='bbox 824 4786 925 4848; x_wconf 86' lang='lat' dir='ltr'><strong>alter:</strong></span> 
     </span>
    </p>
   </div>
   <div class='ocr_carea' id='block_1_5' title="bbox 0 0 2038 5950">
    <p class='ocr_par' dir='ltr' id='par_1_22' title="bbox 0 0 2038 5950">
     <span class='ocr_line' id='line_1_37' title="bbox 0 0 2038 5950; baseline 0 0"><span class='ocrx_word' id='word_1_240' title='bbox 0 0 2038 5950; x_wconf 95' lang='lat' dir='ltr'><strong> </strong></span> 
     </span>
    </p>
   </div>
  </div>
 </body>
</html>
