4067 5950
1077 797 1119 841 DE
1143 796 1272 842 ΠΤΒΙΒ.

739 968 904 1050 εὐδρόσους
925 978 982 1051 γῆς
1004 968 1117 1041 τόπους
1139 967 1215 1049 ἔχετε
1238 968 1370 1047 λειμῶνά
1392 964 1416 1029 τ’
1443 966 1564 1045 ἐρόεντα
1586 964 1644 1027 ari.

857 1107 943 1145 ,toi-
966 1106 1053 1144 rot.
1076 1104 1179 1144 thaut-
1202 1090 1307 1145 [wo
1330 1112 1373 1143 ro
1395 1080 1453 1143 κτὲ.
1471 1078 1504 1155 ι).

605 1195 769 1259 Numeros
803 1202 908 1274 [ψ
942 1200 976 1260 et
1009 1220 1113 1274 ρω-
1147 1198 1273 1260 cretum
1307 1210 1467 1259 vocamus
1500 1195 1634 1257 nomine
1657 1194 1781 1273 abipso

561 1311 689 1373 comico
720 1310 866 1373 indicato
882 1307 916 1382 ἦ.
949 1312 1053 1387 saepe
1084 1312 1197 1374 cretici
1225 1313 1259 1374 ln
1289 1312 1466 1374 trochaeos
1494 1310 1644 1385 integros
1673 1308 1784 1369 abeunt

563 1427 623 1486 aut
648 1440 691 1486 ex
714 1425 757 1486 ils
779 1428 993 1501 procrescunt
1009 1419 1044 1495 ⁸).

979 1684 1000 1757 θ
1022 1679 1057 1741 8.
1079 1681 1134 1743 De
1155 1681 1381 1757 anapaestis.

566 1930 572 1957 ι
606 1874 789 1951 Anapaesti
811 1874 946 1937 dimetri
969 1876 1003 1936 ln
1027 1876 1210 1953 comoedia,
1235 1876 1326 1937 utin
1346 1876 1529 1953 tragoedia,
1549 1872 1783 1948 suntlrequen·

562 1990 624 2049 tes.
655 1988 842 2050 Acataiecti
874 1989 999 2063 aliquot
1026 1990 1061 2050 in
1092 1991 1243 2066 systema
1272 1989 1382 2051 solent
1411 1990 1566 2063 coniungi
1578 1982 1613 2065 ⁴),
1637 1986 1784 2049 admixtis

562 2116 661 2176 saepe
680 2116 745 2164 uno
764 2102 957 2176 pluribusve
976 2102 1211 2179 monometris,
1225 2102 1332 2165 claudi
1344 2106 1458 2165 autem
1471 2104 1636 2165 eiusmodi
1647 2104 1784 2177 systema

562 2215 649 2276 solet
671 2215 815 2276 dimetro
839 2216 1033 2279 catalectico
1057 2218 1128 2278 sive
1147 2217 1364 2293 pcrocmicco,
1389 2217 1438 2277 sic
1459 2217 1544 2278 lere:

607 2743 733 2818 Proprii
751 2744 865 2804 autem
885 2742 1089 2819 comoediae,
1113 2744 1150 2803 ut
1173 2743 1360 2804 tetrametri
1382 2742 1498 2819 iambi,
1522 2747 1602 2804 sunt
1625 2743 1780 2819 anapaesti

563 2856 751 2917 tetrametri
774 2857 845 2917 sive
869 2857 1075 2930 singulorum
1099 2857 1316 2917 dimetrorum
1336 2856 1595 2917 acatalectorum
1615 2874 1688 2919 cum
1707 2860 1778 2919 cata·

561 2969 689 3032 lecticis
712 2969 876 3032 iunctura.
901 2969 991 3046 Quod
1012 2974 1158 3032 metrum
1182 2987 1202 3031 a
1224 2971 1394 3047 tragoedia
1417 2970 1562 3033 alienum
1587 2987 1661 3034 esse
1682 2972 1778 3048 ipsum

562 3084 635 3145 eius
668 3099 851 3158 cognomen
883 3085 1019 3160 indicat,
1052 3100 1131 3146 narn
1162 3100 1182 3145 a
1209 3086 1440 3159 grammaticis
1462 3087 1574 3148 vocari
1603 3086 1688 3148 solet
1719 3085 1777 3144 Ari·

562 3199 779 3273 aiopboneum.
815 3198 887 3258 Non
922 3213 987 3272 quo
1022 3199 1203 3273 reppererit
1218 3227 1225 3240 ·
1238 3198 1270 3259 id
1300 3200 1556 3276 Aristophanes,
1588 3203 1667 3262 ante
1696 3213 1777 3274 quen

563 3313 799 3388 Epicharmum
816 3307 840 3384 5)
865 3316 898 3374 et
922 3312 1094 3374 cratinum
1119 3328 1157 3374 eo
1185 3329 1263 3376 usos
1286 3314 1388 3376 refert
1406 3315 1625 3391 Hephaestio;
1644 3316 1700 3376 sed
1717 3313 1778 3374 aliis
1860 3323 1861 3332 ¹

563 3430 596 3488 et
627 3426 832 3501 frequentius
862 3426 1012 3488 adhibuit
1042 3429 1077 3487 et
1107 3426 1247 3488 felicius.
1275 3428 1494 3490 Tetrametris
1515 3429 1649 3491 dimetri
1672 3429 1780 3502 aliquot

563 3541 719 3615 subiungi
744 3539 864 3601 solent.

608 3655 718 3714 Pausa
748 3656 825 3729 post
848 3653 1016 3728 dipodiam
1039 3654 1218 3714 secundam
1244 3655 1278 3715 hi
1302 3656 1491 3717 tetrametri
1513 3657 1700 3718 necessario
1722 3655 1780 3715 dirl-

563 3771 700 3828 muntur
713 3760 746 3844 ⁰),
772 3769 930 3841 quoniam
953 3782 1071 3827 revera
1093 3769 1172 3827 sunt
1195 3767 1407 3830 bimembres

606 3880 717 3942 Etiam
752 3882 828 3955 post
864 3879 1032 3955 dipodiam
1068 3879 1229 3941 initialem
1265 3895 1340 3942 esse
1375 3881 1461 3943 solet
1494 3896 1613 3958 pausa,
1644 3899 1701 3960 pro
1727 3895 1778 3956 qua

596 4149 615 4212 ¹)
634 4154 680 4198 Ar.
699 4153 757 4200 aad.
775 4150 926 4200 Cuiusmodi
940 4165 1110 4201 numerorum
1124 4151 1226 4212 insigne
1242 4154 1391 4214 exemplum
1405 4155 1516 4214 praebet
1528 4155 1650 4215 Aeschyli
1664 4153 1777 4202 iniidma·

561 4232 668 4279 nidibua
686 4233 818 4279 canticum
836 4235 884 4288 (ra.
903 4233 1036 4281 aaa-etl
1047 4233 1233 4292 :ati-aaa,
1250 4234 1585 4294 aot-atl=aoa—a'11).

596 4306 617 4374 ¹)
636 4310 675 4357 of.
694 4311 759 4358 Bau.
780 4312 845 4357 1855
865 4323 922 4370 sqq.

594 4386 616 4453 ³)
633 4387 673 4436 (ll.
698 4392 854 4450 praesertim
881 4392 1029 4451 epirrhema
1055 4395 1082 4439 et
1108 4393 1310 4452 antepirrhema,
1333 4392 1429 4451 quibua
1450 4391 1597 4452 legitimum
1621 4394 1661 4439 eat
1681 4391 1775 4437 metrum

562 4467 732 4526 trochaicum,
750 4469 776 4515 in
792 4471 904 4517 creticos
922 4483 1045 4518 numeros
1060 4471 1201 4518 maximam
1219 4474 1320 4531 partem
1338 4474 1440 4518 mutata
1457 4471 1534 4531 Veep.
1553 4471 1618 4517 tait
1637 4483 1691 4527 sqq.

597 4545 620 4609 ⁴)
636 4549 734 4607 Ingena
751 4553 868 4608 systema
886 4547 969 4596 efficit
985 4548 1050 4596 iusti
1067 4547 1180 4597 oratorie
1198 4563 1257 4597 cum
1274 4550 1373 4597 iniusto
1391 4547 1527 4597 altercatio
1543 4549 1610 4597 ilub.
1630 4550 1702 4600 888-
1711 4545 1758 4592 ait.

595 4623 615 4683 ⁵)
635 4627 673 4675 Oi.
690 4625 842 4686 Epicharmi
861 4629 1035 4687 fragmentum
1054 4629 1123 4688 apud
1141 4628 1236 4675 Athen.
1257 4629 1305 4675 188
1315 4642 1335 4675 c.

595 4703 615 4760 ⁸)
633 4704 726 4753 Vitiosi
749 4709 819 4763 snut,
845 4707 891 4754 nbi
916 4707 1037 4765 neglecta
1063 4710 1104 4754 est
1128 4721 1212 4767 panea
1235 4708 1262 4754 in
1284 4709 1358 4754 textu
1380 4707 1485 4763 tradito,
1507 4706 1571 4753 doh.
1595 4707 1644 4754 cat
1661 4703 1720 4753 liuh.
1735 4696 1773 4746 98'1

563 4784 640 4843 Veap.
660 4785 709 4832 568
727 4786 774 4833 hv.
793 4787 842 4833 600
860 4785 1010 4832 Pherecrat.
1030 4787 1062 4832 fr.
1078 4781 1130 4832 28⁵.
1149 4787 1206 4833 Duo
1225 4783 1331 4834 dimetri
1348 4785 1496 4833 conduxere
1506 4785 1584 4845 vesp.
1598 4785 1645 4832 'idi
1660 4797 1696 4842 aq.
1713 4777 1774 4843 (corr-

566 4862 720 4922 Hermann).
