<?xml version="1.0" encoding="UTF-8"?>
<!DOCTYPE html PUBLIC "-//W3C//DTD XHTML 1.0 Transitional//EN"
    "http://www.w3.org/TR/xhtml1/DTD/xhtml1-transitional.dtd">
<html xmlns="http://www.w3.org/1999/xhtml" xml:lang="en" lang="en">
 <head>
  <title>
</title>
<meta http-equiv="Content-Type" content="text/html;charset=utf-8" />
  <meta name='ocr-system' content='tesseract 3.04.00' />
  <meta name='ocr-capabilities' content='ocr_page ocr_carea ocr_par ocr_line ocrx_word'/>
</head>
<body>
  <div class='ocr_page' id='page_1' title='image "./prolegomenaadar01unkngoog/prolegomenaadar01unkngoog_0349.png"; bbox 0 0 4067 5950; ppageno 0'>
   <div class='ocr_carea' id='block_1_1' title="bbox 663 720 1457 781">
    <p class='ocr_par' dir='ltr' id='par_1_1' title="bbox 663 720 1457 781">
     <span class='ocr_line' id='line_1_1' title="bbox 663 720 1457 781; baseline 0.006 -6"><span class='ocrx_word' id='word_1_1' title='bbox 663 731 705 776; x_wconf 85' lang='lat' dir='ltr'><strong>nn</strong></span> <span class='ocrx_word' id='word_1_2' title='bbox 728 730 836 775; x_wconf 84' lang='lat' dir='ltr'><strong>rnxnu</strong></span> <span class='ocrx_word' id='word_1_3' title='bbox 859 730 1012 777; x_wconf 78' lang='lat' dir='ltr'><strong>resumo.</strong></span> <span class='ocrx_word' id='word_1_4' title='bbox 1392 720 1457 781; x_wconf 82' lang='grc'><strong>337</strong></span> 
     </span>
    </p>
   </div>
   <div class='ocr_carea' id='block_1_2' title="bbox 228 901 1463 1320">
    <p class='ocr_par' dir='ltr' id='par_1_2' title="bbox 228 901 1463 1320">
     <span class='ocr_line' id='line_1_2' title="bbox 229 901 1462 982; baseline 0.003 -18"><span class='ocrx_word' id='word_1_5' title='bbox 229 910 339 965; x_wconf 88' lang='lat' dir='ltr'><strong>tamen</strong></span> <span class='ocrx_word' id='word_1_6' title='bbox 360 905 480 964; x_wconf 89' lang='lat' dir='ltr'><strong>cuncta</strong></span> <span class='ocrx_word' id='word_1_7' title='bbox 498 904 580 963; x_wconf 88' lang='lat' dir='ltr'><strong>haec</strong></span> <span class='ocrx_word' id='word_1_8' title='bbox 599 918 657 978; x_wconf 92' lang='lat' dir='ltr'><strong>pro</strong></span> <span class='ocrx_word' id='word_1_9' title='bbox 677 903 933 979; x_wconf 84' lang='lat' dir='ltr'><strong>Aristophaneis</strong></span> <span class='ocrx_word' id='word_1_10' title='bbox 952 905 1103 966; x_wconf 86' lang='lat' dir='ltr'><strong>venditat</strong></span> <span class='ocrx_word' id='word_1_11' title='bbox 1115 905 1272 967; x_wconf 90' lang='lat' dir='ltr'><strong>librarius</strong></span> <span class='ocrx_word' id='word_1_12' title='bbox 1289 901 1322 977; x_wconf 80' lang='grc'><strong>1).</strong></span> <span class='ocrx_word' id='word_1_13' title='bbox 1335 907 1462 982; x_wconf 83' lang='lat' dir='ltr'><strong>Nempe</strong></span> 
     </span>
     <span class='ocr_line' id='line_1_3' title="bbox 229 1018 1462 1096; baseline 0.003 -19"><span class='ocrx_word' id='word_1_14' title='bbox 229 1018 377 1078; x_wconf 81' lang='lat' dir='ltr'><strong>scholion</strong></span> <span class='ocrx_word' id='word_1_15' title='bbox 408 1019 442 1078; x_wconf 92' lang='lat' dir='ltr'><strong>in</strong></span> <span class='ocrx_word' id='word_1_16' title='bbox 472 1020 606 1078; x_wconf 87' lang='lat' dir='ltr'><strong>textum</strong></span> <span class='ocrx_word' id='word_1_17' title='bbox 638 1018 763 1093; x_wconf 89' lang='lat' dir='ltr'><strong>recepit</strong></span> <span class='ocrx_word' id='word_1_18' title='bbox 793 1020 982 1095; x_wconf 91' lang='lat' dir='ltr'><strong>somnians,</strong></span> <span class='ocrx_word' id='word_1_19' title='bbox 1007 1024 1041 1080; x_wconf 91' lang='lat' dir='ltr'><strong>et</strong></span> <span class='ocrx_word' id='word_1_20' title='bbox 1065 1021 1137 1081; x_wconf 85' lang='lat' dir='ltr'><strong>vitii</strong></span> <span class='ocrx_word' id='word_1_21' title='bbox 1161 1020 1323 1096; x_wconf 79' lang='lat' dir='ltr'><strong>originem</strong></span> <span class='ocrx_word' id='word_1_22' title='bbox 1348 1021 1462 1082; x_wconf 91' lang='lat' dir='ltr'><strong>etiam·</strong></span> 
     </span>
     <span class='ocr_line' id='line_1_4' title="bbox 229 1131 1463 1209; baseline 0.004 -19"><span class='ocrx_word' id='word_1_23' title='bbox 229 1146 312 1192; x_wconf 89' lang='lat' dir='ltr'><strong>nuno</strong></span> <span class='ocrx_word' id='word_1_24' title='bbox 337 1131 445 1192; x_wconf 90' lang='lat' dir='ltr'><strong>oculis</strong></span> <span class='ocrx_word' id='word_1_25' title='bbox 472 1132 599 1192; x_wconf 90' lang='lat' dir='ltr'><strong>nostris</strong></span> <span class='ocrx_word' id='word_1_26' title='bbox 622 1131 792 1192; x_wconf 91' lang='lat' dir='ltr'><strong>cernimus</strong></span> <span class='ocrx_word' id='word_1_27' title='bbox 815 1131 848 1192; x_wconf 92' lang='lat' dir='ltr'><strong>in</strong></span> <span class='ocrx_word' id='word_1_28' title='bbox 873 1133 985 1194; x_wconf 87' lang='lat' dir='ltr'><strong>codice</strong></span> <span class='ocrx_word' id='word_1_29' title='bbox 1007 1133 1046 1209; x_wconf 90' lang='lat' dir='ltr'><strong>V,</strong></span> <span class='ocrx_word' id='word_1_30' title='bbox 1070 1135 1126 1207; x_wconf 86' lang='lat' dir='ltr'><strong>qui</strong></span> <span class='ocrx_word' id='word_1_31' title='bbox 1149 1134 1199 1195; x_wconf 88' lang='lat' dir='ltr'><strong>sic</strong></span> <span class='ocrx_word' id='word_1_32' title='bbox 1222 1137 1361 1195; x_wconf 89' lang='lat' dir='ltr'><strong>exarata</strong></span> <span class='ocrx_word' id='word_1_33' title='bbox 1380 1134 1463 1195; x_wconf 87' lang='lat' dir='ltr'><strong>haec</strong></span> 
     </span>
     <span class='ocr_line' id='line_1_5' title="bbox 228 1246 378 1320; baseline 0.013 -16"><span class='ocrx_word' id='word_1_34' title='bbox 228 1246 378 1320; x_wconf 90' lang='lat' dir='ltr'><strong>praebet:</strong></span> 
     </span>
    </p>
   </div>
   <div class='ocr_carea' id='block_1_3' title="bbox 268 1406 1157 1934">
    <p class='ocr_par' dir='ltr' id='par_1_3' title="bbox 268 1406 1157 1934">
     <span class='ocr_line' id='line_1_6' title="bbox 268 1406 552 1470; baseline 0 -1"><span class='ocrx_word' id='word_1_35' title='bbox 268 1406 338 1470; x_wconf 77' lang='lat' dir='ltr'><strong>Fol.</strong></span> <span class='ocrx_word' id='word_1_36' title='bbox 365 1411 425 1469; x_wconf 80' lang='lat' dir='ltr'><strong>35v</strong></span> <span class='ocrx_word' id='word_1_37' title='bbox 448 1408 552 1469; x_wconf 88' lang='lat' dir='ltr'><strong>inira:</strong></span> 
     </span>
     <span class='ocr_line' id='line_1_7' title="bbox 314 1479 1157 1578; baseline 0.006 -22"><span class='ocrx_word' id='word_1_38' title='bbox 314 1495 382 1557; x_wconf 79' lang='grc' dir='ltr'>δότε</span> <span class='ocrx_word' id='word_1_39' title='bbox 406 1520 457 1574; x_wconf 82' lang='grc' dir='ltr'><strong>μοι</strong></span> <span class='ocrx_word' id='word_1_40' title='bbox 480 1495 578 1575; x_wconf 70' lang='lat' dir='ltr'><strong>leucis:</strong></span> <span class='ocrx_word' id='word_1_41' title='bbox 603 1494 643 1567; x_wconf 79' lang='grc' dir='ltr'><strong>ὡς</strong></span> <span class='ocrx_word' id='word_1_42' title='bbox 779 1479 812 1555; x_wconf 75' lang='grc' dir='ltr'><strong><em>δῖ</em></strong></span> <span class='ocrx_word' id='word_1_43' title='bbox 824 1496 912 1577; x_wconf 80' lang='grc' dir='ltr'><strong><em>αἰβοῖ</em></strong></span> <span class='ocrx_word' id='word_1_44' title='bbox 930 1497 1012 1559; x_wconf 75' lang='grc' dir='ltr'><strong>τουτὶ</strong></span> <span class='ocrx_word' id='word_1_45' title='bbox 1035 1498 1086 1560; x_wconf 68' lang='grc' dir='ltr'><strong>καὶ</strong></span> <span class='ocrx_word' id='word_1_46' title='bbox 1110 1499 1157 1578; x_wconf 76' lang='grc' dir='ltr'><strong>δή·</strong></span> 
     </span>
     <span class='ocr_line' id='line_1_8' title="bbox 314 1583 693 1665; baseline -0.003 -20"><span class='ocrx_word' id='word_1_47' title='bbox 314 1597 449 1648; x_wconf 80' lang='grc' dir='ltr'><strong><em>ναυτιῶν</em></strong></span> <span class='ocrx_word' id='word_1_48' title='bbox 471 1585 533 1648; x_wconf 75' lang='grc' dir='ltr'><strong>ὑπὸ</strong></span> <span class='ocrx_word' id='word_1_49' title='bbox 556 1596 608 1665; x_wconf 74' lang='grc' dir='ltr'><strong>τῆς</strong></span> <span class='ocrx_word' id='word_1_50' title='bbox 631 1583 693 1645; x_wconf 76' lang='grc' dir='ltr'><strong><em>ἐκεί</em></strong></span> 
     </span>
     <span class='ocr_line' id='line_1_9' title="bbox 313 1671 763 1754; baseline -0.002 -21"><span class='ocrx_word' id='word_1_51' title='bbox 313 1697 373 1737; x_wconf 86' lang='grc' dir='ltr'><strong>νου</strong></span> <span class='ocrx_word' id='word_1_52' title='bbox 397 1677 527 1754; x_wconf 77' lang='grc' dir='ltr'><strong><em>ψύχρας·</em></strong></span> <span class='ocrx_word' id='word_1_53' title='bbox 550 1672 571 1754; x_wconf 73' lang='grc' dir='ltr'><strong>ἢ</strong></span> <span class='ocrx_word' id='word_1_54' title='bbox 593 1674 644 1734; x_wconf 73' lang='grc' dir='ltr'><strong>ἵνα</strong></span> <span class='ocrx_word' id='word_1_55' title='bbox 668 1671 763 1751; x_wconf 56' lang='lat' dir='ltr'><strong>{potem</strong></span> 
     </span>
     <span class='ocr_line' id='line_1_10' title="bbox 313 1760 698 1845; baseline -0.005 -20"><span class='ocrx_word' id='word_1_56' title='bbox 313 1765 389 1843; x_wconf 76' lang='grc' dir='ltr'><strong><em>χολή</em></strong></span> <span class='ocrx_word' id='word_1_57' title='bbox 411 1768 468 1845; x_wconf 79' lang='grc' dir='ltr'><strong>γάρ</strong></span> <span class='ocrx_word' id='word_1_58' title='bbox 492 1788 543 1844; x_wconf 83' lang='grc' dir='ltr'><strong>μοι</strong></span> <span class='ocrx_word' id='word_1_59' title='bbox 567 1760 698 1824; x_wconf 57' lang='lat' dir='ltr'><strong>&amp;aaudiat</strong></span> 
     </span>
     <span class='ocr_line' id='line_1_11' title="bbox 314 1853 771 1934; baseline -0.009 -19"><span class='ocrx_word' id='word_1_60' title='bbox 314 1854 368 1915; x_wconf 79' lang='grc' dir='ltr'><strong>διὰ</strong></span> <span class='ocrx_word' id='word_1_61' title='bbox 390 1856 426 1915; x_wconf 82' lang='grc' dir='ltr'><strong>τὰ</strong></span> <span class='ocrx_word' id='word_1_62' title='bbox 449 1854 545 1916; x_wconf 77' lang='grc' dir='ltr'><strong>αὐτοῦ</strong></span> <span class='ocrx_word' id='word_1_63' title='bbox 570 1853 705 1934; x_wconf 57' lang='lat' dir='ltr'><strong>§ductat</strong></span> <span class='ocrx_word' id='word_1_64' title='bbox 732 1885 771 1894; x_wconf 96' lang='lat'>-</span> 
     </span>
    </p>
   </div>
   <div class='ocr_carea' id='block_1_4' title="bbox 826 1609 1428 1692">
    <p class='ocr_par' dir='ltr' id='par_1_4' title="bbox 826 1609 1428 1692">
     <span class='ocr_line' id='line_1_12' title="bbox 826 1609 1428 1692; baseline 0.01 -23"><span class='ocrx_word' id='word_1_65' title='bbox 826 1615 918 1691; x_wconf 75' lang='grc' dir='ltr'><strong><em>χωρεῖ</em></strong></span> <span class='ocrx_word' id='word_1_66' title='bbox 935 1609 968 1671; x_wconf 80' lang='grc' dir='ltr'><strong>τὸ</strong></span> <span class='ocrx_word' id='word_1_67' title='bbox 992 1611 1096 1673; x_wconf 81' lang='grc' dir='ltr'><strong><em>κακὸν.</em></strong></span> <span class='ocrx_word' id='word_1_68' title='bbox 1122 1612 1189 1674; x_wconf 78' lang='grc' dir='ltr'><strong><em>δότε</em></strong></span> <span class='ocrx_word' id='word_1_69' title='bbox 1213 1636 1265 1691; x_wconf 83' lang='grc' dir='ltr'><strong>μοι</strong></span> <span class='ocrx_word' id='word_1_70' title='bbox 1287 1615 1428 1692; x_wconf 78' lang='grc' dir='ltr'><em>λεκάνην·</em></span> 
     </span>
    </p>
   </div>
   <div class='ocr_carea' id='block_1_5' title="bbox 269 2018 562 2095">
    <p class='ocr_par' dir='ltr' id='par_1_5' title="bbox 269 2018 562 2095">
     <span class='ocr_line' id='line_1_13' title="bbox 269 2018 562 2095; baseline 0.003 -17"><span class='ocrx_word' id='word_1_71' title='bbox 269 2018 339 2081; x_wconf 86' lang='lat' dir='ltr'><strong>Fol.</strong></span> <span class='ocrx_word' id='word_1_72' title='bbox 366 2019 421 2080; x_wconf 70' lang='lat'><strong>86¹</strong></span> <span class='ocrx_word' id='word_1_73' title='bbox 444 2034 562 2095; x_wconf 89' lang='lat' dir='ltr'><strong>supra:</strong></span> 
     </span>
    </p>
   </div>
   <div class='ocr_carea' id='block_1_6' title="bbox 787 2080 1297 2186">
    <p class='ocr_par' dir='ltr' id='par_1_6' title="bbox 787 2080 1297 2186">
     <span class='ocr_line' id='line_1_14' title="bbox 787 2080 1297 2186; baseline 0.002 -18"><span class='ocrx_word' id='word_1_74' title='bbox 787 2080 807 2168; x_wconf 56' lang='lat'><strong><em>3</em></strong></span> <span class='ocrx_word' id='word_1_75' title='bbox 830 2104 1007 2186; x_wconf 75' lang='grc' dir='ltr'><em>τυφογὲρων</em></span> <span class='ocrx_word' id='word_1_76' title='bbox 1031 2101 1059 2167; x_wconf 76' lang='grc' dir='ltr'><strong>εἷ</strong></span> <span class='ocrx_word' id='word_1_77' title='bbox 1079 2106 1297 2186; x_wconf 70' lang='grc' dir='ltr'><em>κάνάρμοστος·</em></span> 
     </span>
    </p>
   </div>
   <div class='ocr_carea' id='block_1_7' title="bbox 228 2270 1463 3140">
    <p class='ocr_par' dir='ltr' id='par_1_7' title="bbox 228 2270 1463 2686">
     <span class='ocr_line' id='line_1_15' title="bbox 269 2270 1463 2347; baseline 0.003 -17"><span class='ocrx_word' id='word_1_78' title='bbox 269 2270 413 2347; x_wconf 81' lang='lat' dir='ltr'><strong>Versum</strong></span> <span class='ocrx_word' id='word_1_79' title='bbox 446 2271 509 2332; x_wconf 74' lang='lat'><strong>907</strong></span> <span class='ocrx_word' id='word_1_80' title='bbox 543 2271 646 2332; x_wconf 87' lang='lat' dir='ltr'><strong>etiam</strong></span> <span class='ocrx_word' id='word_1_81' title='bbox 679 2271 814 2347; x_wconf 89' lang='lat' dir='ltr'><strong>codicis,</strong></span> <span class='ocrx_word' id='word_1_82' title='bbox 843 2287 942 2347; x_wconf 88' lang='lat' dir='ltr'><strong>quem</strong></span> <span class='ocrx_word' id='word_1_83' title='bbox 974 2272 1094 2342; x_wconf 78' lang='lat' dir='ltr'><strong>Riaut</strong></span> <span class='ocrx_word' id='word_1_84' title='bbox 1118 2273 1147 2332; x_wconf 89' lang='lat' dir='ltr'><strong>ie</strong></span> <span class='ocrx_word' id='word_1_85' title='bbox 1170 2273 1226 2346; x_wconf 86' lang='lat' dir='ltr'><strong>qui</strong></span> <span class='ocrx_word' id='word_1_86' title='bbox 1250 2273 1323 2334; x_wconf 84' lang='lat' dir='ltr'><strong>vitii</strong></span> <span class='ocrx_word' id='word_1_87' title='bbox 1347 2276 1463 2335; x_wconf 80' lang='lat' dir='ltr'><strong>auctor</strong></span> 
     </span>
     <span class='ocr_line' id='line_1_16' title="bbox 230 2384 1462 2461; baseline 0.004 -17"><span class='ocrx_word' id='word_1_88' title='bbox 230 2387 286 2454; x_wconf 86' lang='lat' dir='ltr'><strong>est)</strong></span> <span class='ocrx_word' id='word_1_89' title='bbox 307 2385 485 2461; x_wconf 84' lang='lat' dir='ltr'><strong>excripsit,</strong></span> <span class='ocrx_word' id='word_1_90' title='bbox 506 2386 665 2461; x_wconf 83' lang='lat' dir='ltr'><strong>paginam</strong></span> <span class='ocrx_word' id='word_1_91' title='bbox 686 2386 849 2447; x_wconf 84' lang='lat' dir='ltr'><strong>clausisse</strong></span> <span class='ocrx_word' id='word_1_92' title='bbox 866 2385 1111 2461; x_wconf 75' lang='lat' dir='ltr'><strong>intellegimus,</strong></span> <span class='ocrx_word' id='word_1_93' title='bbox 1130 2384 1177 2445; x_wconf 93' lang='lat' dir='ltr'><strong>ibi</strong></span> <span class='ocrx_word' id='word_1_94' title='bbox 1195 2386 1298 2461; x_wconf 91' lang='lat' dir='ltr'><strong>igitur</strong></span> <span class='ocrx_word' id='word_1_95' title='bbox 1314 2387 1462 2449; x_wconf 86' lang='lat' dir='ltr'><strong>scholion</strong></span> 
     </span>
     <span class='ocr_line' id='line_1_17' title="bbox 228 2498 1462 2574; baseline 0.003 -17"><span class='ocrx_word' id='word_1_96' title='bbox 228 2498 259 2558; x_wconf 91' lang='lat' dir='ltr'><strong>in</strong></span> <span class='ocrx_word' id='word_1_97' title='bbox 289 2498 381 2559; x_wconf 90' lang='lat' dir='ltr'><strong>calce</strong></span> <span class='ocrx_word' id='word_1_98' title='bbox 412 2499 553 2573; x_wconf 87' lang='lat' dir='ltr'><strong>paginae</strong></span> <span class='ocrx_word' id='word_1_99' title='bbox 584 2501 642 2559; x_wconf 89' lang='lat' dir='ltr'><strong>aut</strong></span> <span class='ocrx_word' id='word_1_100' title='bbox 672 2498 707 2559; x_wconf 89' lang='lat' dir='ltr'><strong>in</strong></span> <span class='ocrx_word' id='word_1_101' title='bbox 737 2499 890 2573; x_wconf 79' lang='lat' dir='ltr'><strong>margine</strong></span> <span class='ocrx_word' id='word_1_102' title='bbox 921 2499 1090 2574; x_wconf 89' lang='lat' dir='ltr'><strong>superiore</strong></span> <span class='ocrx_word' id='word_1_103' title='bbox 1117 2498 1289 2573; x_wconf 88' lang='lat' dir='ltr'><strong>sequentis</strong></span> <span class='ocrx_word' id='word_1_104' title='bbox 1312 2500 1462 2561; x_wconf 91' lang='lat' dir='ltr'><strong>additum</strong></span> 
     </span>
     <span class='ocr_line' id='line_1_18' title="bbox 230 2610 536 2686; baseline 0 -15"><span class='ocrx_word' id='word_1_105' title='bbox 230 2627 373 2672; x_wconf 90' lang='lat' dir='ltr'><strong>errorem</strong></span> <span class='ocrx_word' id='word_1_106' title='bbox 396 2610 536 2686; x_wconf 83' lang='lat' dir='ltr'><strong>peperit.</strong></span> 
     </span>
    </p>

    <p class='ocr_par' dir='ltr' id='par_1_8' title="bbox 230 2721 1463 3140">
     <span class='ocr_line' id='line_1_19' title="bbox 269 2721 1463 2811; baseline 0.004 -27"><span class='ocrx_word' id='word_1_107' title='bbox 269 2725 335 2785; x_wconf 86' lang='lat' dir='ltr'><strong>Nec</strong></span> <span class='ocrx_word' id='word_1_108' title='bbox 378 2739 445 2811; x_wconf 76' lang='lat' dir='ltr'><strong>non</strong></span> <span class='ocrx_word' id='word_1_109' title='bbox 487 2721 715 2804; x_wconf 70' lang='grc' dir='ltr'><strong>παρεπιγραφαὶ</strong></span> <span class='ocrx_word' id='word_1_110' title='bbox 756 2724 924 2800; x_wconf 83' lang='lat' dir='ltr'><strong>longiores</strong></span> <span class='ocrx_word' id='word_1_111' title='bbox 958 2739 1017 2800; x_wconf 92' lang='lat' dir='ltr'><strong>pro</strong></span> <span class='ocrx_word' id='word_1_112' title='bbox 1052 2726 1170 2786; x_wconf 88' lang='lat' dir='ltr'><strong>comici</strong></span> <span class='ocrx_word' id='word_1_113' title='bbox 1206 2726 1316 2786; x_wconf 85' lang='lat' dir='ltr'><strong>verbis</strong></span> <span class='ocrx_word' id='word_1_114' title='bbox 1350 2726 1463 2789; x_wconf 87' lang='lat' dir='ltr'><strong>haberi</strong></span> 
     </span>
     <span class='ocr_line' id='line_1_20' title="bbox 230 2837 1463 2916; baseline 0.004 -19"><span class='ocrx_word' id='word_1_115' title='bbox 230 2840 388 2911; x_wconf 80' lang='lat' dir='ltr'><strong>poterant.</strong></span> <span class='ocrx_word' id='word_1_116' title='bbox 432 2837 486 2897; x_wconf 88' lang='lat' dir='ltr'><strong>Sic</strong></span> <span class='ocrx_word' id='word_1_117' title='bbox 527 2837 663 2898; x_wconf 81' lang='lat' dir='ltr'><strong>Thesm.</strong></span> <span class='ocrx_word' id='word_1_118' title='bbox 710 2838 815 2899; x_wconf 83' lang='lat'>1187·</span> <span class='ocrx_word' id='word_1_119' title='bbox 857 2838 936 2912; x_wconf 86' lang='lat' dir='ltr'><strong>quin</strong></span> <span class='ocrx_word' id='word_1_120' title='bbox 978 2838 1131 2915; x_wconf 84' lang='lat' dir='ltr'><strong>Scythae,</strong></span> <span class='ocrx_word' id='word_1_121' title='bbox 1168 2855 1232 2901; x_wconf 93' lang='lat' dir='ltr'><strong>non</strong></span> <span class='ocrx_word' id='word_1_122' title='bbox 1268 2840 1463 2916; x_wconf 88' lang='lat' dir='ltr'><strong>interpretis</strong></span> 
     </span>
     <span class='ocr_line' id='line_1_21' title="bbox 231 2951 1461 3030; baseline 0.006 -20"><span class='ocrx_word' id='word_1_123' title='bbox 231 2955 314 3011; x_wconf 87' lang='lat' dir='ltr'><strong>esset</strong></span> <span class='ocrx_word' id='word_1_124' title='bbox 332 2965 400 3012; x_wconf 94' lang='lat' dir='ltr'><strong>non</strong></span> <span class='ocrx_word' id='word_1_125' title='bbox 424 2951 589 3013; x_wconf 88' lang='lat' dir='ltr'><strong>dubitavit</strong></span> <span class='ocrx_word' id='word_1_126' title='bbox 607 2951 636 3012; x_wconf 96' lang='lat' dir='ltr'><strong>is</strong></span> <span class='ocrx_word' id='word_1_127' title='bbox 659 2951 715 3027; x_wconf 87' lang='lat' dir='ltr'><strong>qui</strong></span> <span class='ocrx_word' id='word_1_128' title='bbox 737 2952 843 3014; x_wconf 90' lang='lat' dir='ltr'><strong>talem</strong></span> <span class='ocrx_word' id='word_1_129' title='bbox 867 2967 944 3013; x_wconf 88' lang='lat' dir='ltr'><strong>eum</strong></span> <span class='ocrx_word' id='word_1_130' title='bbox 968 2967 1104 3014; x_wconf 88' lang='lat' dir='ltr'><strong>versum</strong></span> <span class='ocrx_word' id='word_1_131' title='bbox 1124 2955 1279 3016; x_wconf 81' lang='lat' dir='ltr'><strong>exaravit</strong></span> <span class='ocrx_word' id='word_1_132' title='bbox 1297 2955 1405 3030; x_wconf 89' lang='lat' dir='ltr'><strong>quails</strong></span> <span class='ocrx_word' id='word_1_133' title='bbox 1427 2961 1461 3018; x_wconf 89' lang='lat' dir='ltr'><strong>in</strong></span> 
     </span>
     <span class='ocr_line' id='line_1_22' title="bbox 232 3064 544 3140; baseline 0.016 -17"><span class='ocrx_word' id='word_1_134' title='bbox 232 3065 334 3126; x_wconf 89' lang='lat' dir='ltr'><strong>codice</strong></span> <span class='ocrx_word' id='word_1_135' title='bbox 360 3064 388 3125; x_wconf 90' lang='lat' dir='ltr'><strong>R</strong></span> <span class='ocrx_word' id='word_1_136' title='bbox 411 3064 544 3140; x_wconf 86' lang='lat' dir='ltr'><strong>legitur.</strong></span> 
     </span>
    </p>
   </div>
   <div class='ocr_carea' id='block_1_8' title="bbox 232 3291 1482 4503">
    <p class='ocr_par' dir='ltr' id='par_1_9' title="bbox 232 3291 1482 4503">
     <span class='ocr_line' id='line_1_23' title="bbox 270 3291 1463 3372; baseline 0.006 -20"><span class='ocrx_word' id='word_1_137' title='bbox 270 3291 372 3352; x_wconf 87' lang='lat' dir='ltr'><strong>liulta</strong></span> <span class='ocrx_word' id='word_1_138' title='bbox 402 3295 515 3353; x_wconf 89' lang='lat' dir='ltr'><strong>autem</strong></span> <span class='ocrx_word' id='word_1_139' title='bbox 548 3291 712 3353; x_wconf 89' lang='lat' dir='ltr'><strong>eiusmodi</strong></span> <span class='ocrx_word' id='word_1_140' title='bbox 742 3295 1046 3367; x_wconf 88' lang='lat' dir='ltr'><strong>interpretamenta</strong></span> <span class='ocrx_word' id='word_1_141' title='bbox 1076 3294 1124 3354; x_wconf 91' lang='lat' dir='ltr'><strong>ita</strong></span> <span class='ocrx_word' id='word_1_142' title='bbox 1155 3297 1234 3355; x_wconf 92' lang='lat' dir='ltr'><strong>sunt</strong></span> <span class='ocrx_word' id='word_1_143' title='bbox 1264 3296 1396 3372; x_wconf 89' lang='lat' dir='ltr'><strong>expleta</strong></span> <span class='ocrx_word' id='word_1_144' title='bbox 1425 3301 1463 3359; x_wconf 93' lang='lat' dir='ltr'><strong>ut</strong></span> 
     </span>
     <span class='ocr_line' id='line_1_24' title="bbox 232 3405 1461 3497; baseline 0.006 -32"><span class='ocrx_word' id='word_1_145' title='bbox 232 3405 454 3466; x_wconf 88' lang='lat' dir='ltr'><strong>trimetrorum</strong></span> <span class='ocrx_word' id='word_1_146' title='bbox 479 3405 532 3466; x_wconf 89' lang='lat' dir='ltr'><strong>vel</strong></span> <span class='ocrx_word' id='word_1_147' title='bbox 551 3409 825 3467; x_wconf 87' lang='lat' dir='ltr'><strong>tetrametrorum</strong></span> <span class='ocrx_word' id='word_1_148' title='bbox 845 3407 991 3483; x_wconf 89' lang='lat' dir='ltr'><strong>speciem</strong></span> <span class='ocrx_word' id='word_1_149' title='bbox 1012 3407 1160 3497; x_wconf 87' lang='lat' dir='ltr'><strong>aliquam</strong></span> <span class='ocrx_word' id='word_1_150' title='bbox 1179 3422 1257 3483; x_wconf 89' lang='lat' dir='ltr'><strong>prae</strong></span> <span class='ocrx_word' id='word_1_151' title='bbox 1277 3425 1314 3470; x_wconf 91' lang='lat' dir='ltr'><strong>se</strong></span> <span class='ocrx_word' id='word_1_152' title='bbox 1326 3410 1461 3474; x_wconf 86' lang='lat' dir='ltr'><strong>ferrent.</strong></span> 
     </span>
     <span class='ocr_line' id='line_1_25' title="bbox 233 3517 1463 3595; baseline 0.007 -18"><span class='ocrx_word' id='word_1_153' title='bbox 233 3517 267 3578; x_wconf 81' lang='lat' dir='ltr'><strong>lit</strong></span> <span class='ocrx_word' id='word_1_154' title='bbox 293 3520 375 3580; x_wconf 90' lang='lat' dir='ltr'><strong>talia</strong></span> <span class='ocrx_word' id='word_1_155' title='bbox 403 3520 539 3580; x_wconf 91' lang='lat' dir='ltr'><strong>demum</strong></span> <span class='ocrx_word' id='word_1_156' title='bbox 563 3520 671 3581; x_wconf 88' lang='lat' dir='ltr'><strong>textui</strong></span> <span class='ocrx_word' id='word_1_157' title='bbox 693 3520 882 3595; x_wconf 89' lang='lat' dir='ltr'><strong>periculosa</strong></span> <span class='ocrx_word' id='word_1_158' title='bbox 904 3520 1059 3594; x_wconf 84' lang='lat' dir='ltr'><strong>fuerunt;</strong></span> <span class='ocrx_word' id='word_1_159' title='bbox 1084 3535 1162 3595; x_wconf 87' lang='lat' dir='ltr'><strong>nam</strong></span> <span class='ocrx_word' id='word_1_160' title='bbox 1187 3524 1298 3583; x_wconf 87' lang='lat' dir='ltr'><strong>cetera</strong></span> <span class='ocrx_word' id='word_1_161' title='bbox 1320 3523 1463 3586; x_wconf 89' lang='lat' dir='ltr'><strong>lectores</strong></span> 
     </span>
     <span class='ocr_line' id='line_1_26' title="bbox 234 3632 1462 3710; baseline 0.007 -19"><span class='ocrx_word' id='word_1_162' title='bbox 234 3632 321 3705; x_wconf 85' lang='lat' dir='ltr'><strong>paulo</strong></span> <span class='ocrx_word' id='word_1_163' title='bbox 352 3633 520 3694; x_wconf 88' lang='lat' dir='ltr'><strong>acutiores</strong></span> <span class='ocrx_word' id='word_1_164' title='bbox 549 3633 665 3694; x_wconf 78' lang='lat' dir='ltr'><strong>tallere</strong></span> <span class='ocrx_word' id='word_1_165' title='bbox 696 3648 762 3694; x_wconf 93' lang='lat' dir='ltr'><strong>non</strong></span> <span class='ocrx_word' id='word_1_166' title='bbox 792 3636 956 3709; x_wconf 88' lang='lat' dir='ltr'><strong>poterant.</strong></span> <span class='ocrx_word' id='word_1_167' title='bbox 982 3633 1102 3710; x_wconf 83' lang='lat' dir='ltr'><strong>Quales</strong></span> <span class='ocrx_word' id='word_1_168' title='bbox 1127 3635 1281 3696; x_wconf 91' lang='lat' dir='ltr'><strong>versiculi</strong></span> <span class='ocrx_word' id='word_1_169' title='bbox 1306 3637 1361 3698; x_wconf 91' lang='lat' dir='ltr'><strong>diu</strong></span> <span class='ocrx_word' id='word_1_170' title='bbox 1384 3642 1462 3700; x_wconf 86' lang='lat' dir='ltr'><strong>ante</strong></span> 
     </span>
     <span class='ocr_line' id='line_1_27' title="bbox 234 3723 1461 3826; baseline 0.006 -20"><span class='ocrx_word' id='word_1_171' title='bbox 234 3762 323 3818; x_wconf 85' lang='lat' dir='ltr'><strong>quam</strong></span> <span class='ocrx_word' id='word_1_172' title='bbox 347 3749 453 3810; x_wconf 88' lang='lat' dir='ltr'><strong>codex</strong></span> <span class='ocrx_word' id='word_1_173' title='bbox 475 3747 503 3807; x_wconf 90' lang='lat' dir='ltr'><strong>R</strong></span> <span class='ocrx_word' id='word_1_174' title='bbox 527 3748 672 3823; x_wconf 90' lang='lat' dir='ltr'><strong>scriptus</strong></span> <span class='ocrx_word' id='word_1_175' title='bbox 696 3750 750 3808; x_wconf 90' lang='lat' dir='ltr'><strong>est</strong></span> <span class='ocrx_word' id='word_1_176' title='bbox 774 3748 881 3808; x_wconf 89' lang='lat' dir='ltr'><strong>musis</strong></span> <span class='ocrx_word' id='word_1_177' title='bbox 904 3748 1023 3808; x_wconf 85' lang='lat' dir='ltr'><strong>invitis</strong></span> <span class='ocrx_word' id='word_1_178' title='bbox 1046 3750 1127 3808; x_wconf 91' lang='lat' dir='ltr'><strong>sunt</strong></span> <span class='ocrx_word' id='word_1_179' title='bbox 1150 3723 1236 3826; x_wconf 77' lang='lat' dir='ltr'><strong>nati,</strong></span> <span class='ocrx_word' id='word_1_180' title='bbox 1260 3750 1373 3824; x_wconf 89' lang='lat' dir='ltr'><strong>itaque</strong></span> <span class='ocrx_word' id='word_1_181' title='bbox 1395 3767 1461 3812; x_wconf 93' lang='lat' dir='ltr'><strong>non</strong></span> 
     </span>
     <span class='ocr_line' id='line_1_28' title="bbox 235 3861 1462 3939; baseline 0.008 -21"><span class='ocrx_word' id='word_1_182' title='bbox 235 3862 279 3920; x_wconf 91' lang='lat' dir='ltr'><strong>est</strong></span> <span class='ocrx_word' id='word_1_183' title='bbox 306 3862 429 3922; x_wconf 91' lang='lat' dir='ltr'><strong>mirum</strong></span> <span class='ocrx_word' id='word_1_184' title='bbox 466 3863 500 3922; x_wconf 93' lang='lat' dir='ltr'><strong>in</strong></span> <span class='ocrx_word' id='word_1_185' title='bbox 535 3863 665 3923; x_wconf 89' lang='lat' dir='ltr'><strong>cunctis</strong></span> <span class='ocrx_word' id='word_1_186' title='bbox 698 3861 866 3923; x_wconf 84' lang='lat' dir='ltr'><strong>codicibus</strong></span> <span class='ocrx_word' id='word_1_187' title='bbox 900 3863 956 3937; x_wconf 89' lang='lat' dir='ltr'><strong>qui</strong></span> <span class='ocrx_word' id='word_1_188' title='bbox 991 3861 1033 3923; x_wconf 88' lang='lat' dir='ltr'><strong>ad</strong></span> <span class='ocrx_word' id='word_1_189' title='bbox 1064 3877 1125 3923; x_wconf 91' lang='lat' dir='ltr'><strong>nos</strong></span> <span class='ocrx_word' id='word_1_190' title='bbox 1153 3868 1377 3939; x_wconf 90' lang='lat' dir='ltr'><strong>pervenerunt</strong></span> <span class='ocrx_word' id='word_1_191' title='bbox 1405 3882 1462 3928; x_wconf 91' lang='lat' dir='ltr'><strong>eos</strong></span> 
     </span>
     <span class='ocr_line' id='line_1_29' title="bbox 235 3973 1463 4053; baseline 0.008 -22"><span class='ocrx_word' id='word_1_192' title='bbox 235 3975 369 4047; x_wconf 89' lang='lat' dir='ltr'><strong>reperiri.</strong></span> <span class='ocrx_word' id='word_1_193' title='bbox 401 3975 499 4035; x_wconf 91' lang='lat' dir='ltr'><strong>Haud</strong></span> <span class='ocrx_word' id='word_1_194' title='bbox 530 3977 646 4036; x_wconf 89' lang='lat' dir='ltr'><strong>tamen</strong></span> <span class='ocrx_word' id='word_1_195' title='bbox 677 3973 855 4035; x_wconf 83' lang='lat' dir='ltr'><strong>difficulter</strong></span> <span class='ocrx_word' id='word_1_196' title='bbox 878 3978 1119 4051; x_wconf 88' lang='lat' dir='ltr'><strong>agnoscuntur,</strong></span> <span class='ocrx_word' id='word_1_197' title='bbox 1144 3991 1222 4036; x_wconf 91' lang='lat' dir='ltr'><strong>nam</strong></span> <span class='ocrx_word' id='word_1_198' title='bbox 1248 3978 1330 4039; x_wconf 90' lang='lat' dir='ltr'><strong>vitio</strong></span> <span class='ocrx_word' id='word_1_199' title='bbox 1354 3978 1463 4053; x_wconf 89' lang='lat' dir='ltr'><strong>aliquo</strong></span> 
     </span>
     <span class='ocr_line' id='line_1_30' title="bbox 237 4087 1482 4178; baseline 0.01 -34"><span class='ocrx_word' id='word_1_200' title='bbox 237 4087 386 4160; x_wconf 85' lang='lat' dir='ltr'><strong>originem</strong></span> <span class='ocrx_word' id='word_1_201' title='bbox 422 4104 521 4150; x_wconf 88' lang='lat' dir='ltr'><strong>suam</strong></span> <span class='ocrx_word' id='word_1_202' title='bbox 555 4088 698 4164; x_wconf 88' lang='lat' dir='ltr'><strong>produnt</strong></span> <span class='ocrx_word' id='word_1_203' title='bbox 732 4103 863 4162; x_wconf 91' lang='lat' dir='ltr'><strong>omnes,</strong></span> <span class='ocrx_word' id='word_1_204' title='bbox 900 4089 972 4150; x_wconf 86' lang='lat' dir='ltr'><strong>sive</strong></span> <span class='ocrx_word' id='word_1_205' title='bbox 1002 4092 1146 4150; x_wconf 89' lang='lat' dir='ltr'><strong>metrum</strong></span> <span class='ocrx_word' id='word_1_206' title='bbox 1180 4091 1357 4168; x_wconf 84' lang='lat' dir='ltr'><strong>claudicat,</strong></span> <span class='ocrx_word' id='word_1_207' title='bbox 1391 4095 1482 4178; x_wconf 88' lang='lat' dir='ltr'><strong>sive</strong></span> 
     </span>
     <span class='ocr_line' id='line_1_31' title="bbox 238 4199 1462 4280; baseline 0.011 -23"><span class='ocrx_word' id='word_1_208' title='bbox 238 4199 399 4261; x_wconf 82' lang='lat' dir='ltr'><strong>verborum</strong></span> <span class='ocrx_word' id='word_1_209' title='bbox 428 4205 599 4264; x_wconf 89' lang='lat' dir='ltr'><strong>structura</strong></span> <span class='ocrx_word' id='word_1_210' title='bbox 621 4218 688 4264; x_wconf 93' lang='lat' dir='ltr'><strong>non</strong></span> <span class='ocrx_word' id='word_1_211' title='bbox 711 4203 798 4264; x_wconf 91' lang='lat' dir='ltr'><strong>satis</strong></span> <span class='ocrx_word' id='word_1_212' title='bbox 822 4206 899 4279; x_wconf 87' lang='lat' dir='ltr'><strong>apte</strong></span> <span class='ocrx_word' id='word_1_213' title='bbox 922 4204 1083 4280; x_wconf 89' lang='lat' dir='ltr'><strong>decurrit,</strong></span> <span class='ocrx_word' id='word_1_214' title='bbox 1107 4205 1180 4267; x_wconf 85' lang='lat' dir='ltr'><strong>sive</strong></span> <span class='ocrx_word' id='word_1_215' title='bbox 1202 4206 1295 4267; x_wconf 89' lang='lat' dir='ltr'><strong>iocus</strong></span> <span class='ocrx_word' id='word_1_216' title='bbox 1319 4223 1462 4270; x_wconf 89' lang='lat' dir='ltr'><strong>corrum-</strong></span> 
     </span>
     <span class='ocr_line' id='line_1_32' title="bbox 237 4310 1463 4393; baseline 0.011 -24"><span class='ocrx_word' id='word_1_217' title='bbox 237 4310 312 4383; x_wconf 87' lang='lat' dir='ltr'><strong>pitur</strong></span> <span class='ocrx_word' id='word_1_218' title='bbox 341 4315 454 4375; x_wconf 89' lang='lat' dir='ltr'><strong>addita</strong></span> <span class='ocrx_word' id='word_1_219' title='bbox 485 4315 708 4391; x_wconf 88' lang='lat' dir='ltr'><strong>explicatione</strong></span> <span class='ocrx_word' id='word_1_220' title='bbox 739 4319 777 4377; x_wconf 93' lang='lat' dir='ltr'><strong>ut</strong></span> <span class='ocrx_word' id='word_1_221' title='bbox 800 4332 880 4378; x_wconf 88' lang='lat' dir='ltr'><strong>vera</strong></span> <span class='ocrx_word' id='word_1_222' title='bbox 902 4317 951 4377; x_wconf 90' lang='lat' dir='ltr'><strong>ita</strong></span> <span class='ocrx_word' id='word_1_223' title='bbox 973 4318 1133 4393; x_wconf 87' lang='lat' dir='ltr'><strong>molesta,</strong></span> <span class='ocrx_word' id='word_1_224' title='bbox 1157 4318 1229 4379; x_wconf 88' lang='lat' dir='ltr'><strong>sive</strong></span> <span class='ocrx_word' id='word_1_225' title='bbox 1253 4320 1318 4380; x_wconf 90' lang='lat' dir='ltr'><strong>alio</strong></span> <span class='ocrx_word' id='word_1_226' title='bbox 1342 4321 1463 4383; x_wconf 89' lang='lat' dir='ltr'><strong>indicio</strong></span> 
     </span>
     <span class='ocr_line' id='line_1_33' title="bbox 239 4423 612 4503; baseline 0.027 -22"><span class='ocrx_word' id='word_1_227' title='bbox 239 4423 319 4484; x_wconf 82' lang='lat' dir='ltr'><strong>treus</strong></span> <span class='ocrx_word' id='word_1_228' title='bbox 341 4428 612 4503; x_wconf 88' lang='lat' dir='ltr'><strong>deprehenditur.</strong></span> 
     </span>
    </p>
   </div>
   <div class='ocr_carea' id='block_1_9' title="bbox 246 4601 448 4612">
    <p class='ocr_par' dir='ltr' id='par_1_10' title="bbox 246 4601 448 4612">
     <span class='ocr_line' id='line_1_34' title="bbox 246 4601 448 4612; baseline 0 0"><span class='ocrx_word' id='word_1_229' title='bbox 246 4601 448 4612; x_wconf 42' lang='grc' dir='ltr'><strong>ᾕ-</strong></span> 
     </span>
    </p>
   </div>
   <div class='ocr_carea' id='block_1_10' title="bbox 244 4703 1461 4920">
    <p class='ocr_par' dir='ltr' id='par_1_11' title="bbox 244 4703 1461 4920">
     <span class='ocr_line' id='line_1_35' title="bbox 268 4703 1461 4775; baseline 0.008 -19"><span class='ocrx_word' id='word_1_230' title='bbox 268 4703 285 4766; x_wconf 83' lang='grc'><strong>1)</strong></span> <span class='ocrx_word' id='word_1_231' title='bbox 300 4710 356 4758; x_wconf 83' lang='lat' dir='ltr'><strong>Sive</strong></span> <span class='ocrx_word' id='word_1_232' title='bbox 371 4713 430 4771; x_wconf 90' lang='lat' dir='ltr'><strong>lpse</strong></span> <span class='ocrx_word' id='word_1_233' title='bbox 447 4711 572 4758; x_wconf 84' lang='lat' dir='ltr'><strong>librarius</strong></span> <span class='ocrx_word' id='word_1_234' title='bbox 588 4713 611 4759; x_wconf 85' lang='lat' dir='ltr'><strong>B</strong></span> <span class='ocrx_word' id='word_1_235' title='bbox 627 4713 664 4759; x_wconf 76' lang='lat' dir='ltr'><strong>its</strong></span> <span class='ocrx_word' id='word_1_236' title='bbox 681 4711 788 4770; x_wconf 80' lang='lat' dir='ltr'><strong>erravit,</strong></span> <span class='ocrx_word' id='word_1_237' title='bbox 800 4714 860 4761; x_wconf 30' lang='lat' dir='ltr'><strong>,sive</strong></span> <span class='ocrx_word' id='word_1_238' title='bbox 878 4715 905 4761; x_wconf 90' lang='lat' dir='ltr'><strong>iu</strong></span> <span class='ocrx_word' id='word_1_239' title='bbox 922 4716 1043 4774; x_wconf 87' lang='lat' dir='ltr'><strong>exemplo</strong></span> <span class='ocrx_word' id='word_1_240' title='bbox 1061 4715 1131 4775; x_wconf 91' lang='lat' dir='ltr'><strong>qnod</strong></span> <span class='ocrx_word' id='word_1_241' title='bbox 1146 4715 1309 4774; x_wconf 83' lang='lat' dir='ltr'><strong>sequebatur</strong></span> <span class='ocrx_word' id='word_1_242' title='bbox 1323 4720 1380 4764; x_wconf 75' lang='lat' dir='ltr'><strong>erat</strong></span> <span class='ocrx_word' id='word_1_243' title='bbox 1393 4718 1461 4765; x_wconf 88' lang='lat' dir='ltr'><strong>idem</strong></span> 
     </span>
     <span class='ocr_line' id='line_1_36' title="bbox 244 4786 330 4836; baseline 0.081 -7"><span class='ocrx_word' id='word_1_244' title='bbox 244 4786 330 4836; x_wconf 73' lang='lat' dir='ltr'><strong>aihum.</strong></span> 
     </span>
     <span class='ocr_line' id='line_1_37' title="bbox 288 4875 332 4920; baseline 0 -2"><span class='ocrx_word' id='word_1_245' title='bbox 288 4875 332 4920; x_wconf 71' lang='lat' dir='ltr'><strong>Aa.</strong></span> 
     </span>
    </p>
   </div>
   <div class='ocr_carea' id='block_1_11' title="bbox 0 0 2046 5950">
    <p class='ocr_par' dir='ltr' id='par_1_12' title="bbox 0 0 2046 5950">
     <span class='ocr_line' id='line_1_38' title="bbox 0 0 2046 5950; baseline 0 0"><span class='ocrx_word' id='word_1_246' title='bbox 0 0 2046 5950; x_wconf 95' lang='lat' dir='ltr'><strong> </strong></span> 
     </span>
    </p>
   </div>
   <div class='ocr_carea' id='block_1_12' title="bbox 1856 4481 1860 5030">
    <p class='ocr_par' dir='ltr' id='par_1_13' title="bbox 1856 4481 1860 5030">
     <span class='ocr_line' id='line_1_39' title="bbox 1856 4481 1860 5030; baseline 0 0"><span class='ocrx_word' id='word_1_247' title='bbox 1856 4481 1860 5030; x_wconf 95' lang='lat' dir='ltr'><strong> </strong></span> 
     </span>
    </p>
   </div>
   <div class='ocr_carea' id='block_1_13' title="bbox 1849 4794 1859 5322">
    <p class='ocr_par' dir='ltr' id='par_1_14' title="bbox 1849 4794 1859 5322">
     <span class='ocr_line' id='line_1_40' title="bbox 1849 4794 1859 5322; baseline 0 0"><span class='ocrx_word' id='word_1_248' title='bbox 1849 4794 1859 5322; x_wconf 95' lang='lat' dir='ltr'><strong> </strong></span> 
     </span>
    </p>
   </div>
   <div class='ocr_carea' id='block_1_14' title="bbox 1853 4794 1857 5338">
    <p class='ocr_par' dir='ltr' id='par_1_15' title="bbox 1853 4794 1857 5338">
     <span class='ocr_line' id='line_1_41' title="bbox 1853 4794 1857 5338; baseline 0 0"><span class='ocrx_word' id='word_1_249' title='bbox 1853 4794 1857 5338; x_wconf 95' lang='lat' dir='ltr'><strong> </strong></span> 
     </span>
    </p>
   </div>
   <div class='ocr_carea' id='block_1_15' title="bbox 1853 4794 1857 5341">
    <p class='ocr_par' dir='ltr' id='par_1_16' title="bbox 1853 4794 1857 5341">
     <span class='ocr_line' id='line_1_42' title="bbox 1853 4794 1857 5341; baseline 0 0"><span class='ocrx_word' id='word_1_250' title='bbox 1853 4794 1857 5341; x_wconf 95' lang='lat' dir='ltr'><strong> </strong></span> 
     </span>
    </p>
   </div>
   <div class='ocr_carea' id='block_1_16' title="bbox 1853 4794 1857 5341">
    <p class='ocr_par' dir='ltr' id='par_1_17' title="bbox 1853 4794 1857 5341">
     <span class='ocr_line' id='line_1_43' title="bbox 1853 4794 1857 5341; baseline 0 0"><span class='ocrx_word' id='word_1_251' title='bbox 1853 4794 1857 5341; x_wconf 95' lang='lat' dir='ltr'><strong> </strong></span> 
     </span>
    </p>
   </div>
   <div class='ocr_carea' id='block_1_17' title="bbox 1853 4794 1857 5341">
    <p class='ocr_par' dir='ltr' id='par_1_18' title="bbox 1853 4794 1857 5341">
     <span class='ocr_line' id='line_1_44' title="bbox 1853 4794 1857 5341; baseline 0 0"><span class='ocrx_word' id='word_1_252' title='bbox 1853 4794 1857 5341; x_wconf 95' lang='lat' dir='ltr'><strong> </strong></span> 
     </span>
    </p>
   </div>
   <div class='ocr_carea' id='block_1_18' title="bbox 1853 4794 1857 5341">
    <p class='ocr_par' dir='ltr' id='par_1_19' title="bbox 1853 4794 1857 5341">
     <span class='ocr_line' id='line_1_45' title="bbox 1853 4794 1857 5341; baseline 0 0"><span class='ocrx_word' id='word_1_253' title='bbox 1853 4794 1857 5341; x_wconf 95' lang='lat' dir='ltr'><strong> </strong></span> 
     </span>
    </p>
   </div>
  </div>
 </body>
</html>
