4067 5950
669 823 712 867 DE
734 822 843 867 rma
864 822 1020 868 ammo,

763 993 810 1054 κεί
831 990 888 1071 μὲν
912 994 944 1055 οί
964 994 1199 1057 Λακωνικοί

404 1106 625 1187 ὑπερβάλοιντο
648 1106 768 1188 μικράν,
790 1106 894 1189 ἔλεγον
917 1104 957 1168 ἂν
980 1108 1063 1169 ταδί·

404 1218 476 1299 ,,ναί
498 1219 539 1283 τὸ
563 1222 630 1299 σιά,
651 1229 711 1281 νῦν
728 1216 886 1282 Ὦττικίων
910 1222 1006 1283 δωσεῖ
1025 1220 1159 1283 δίκανί“
1174 1219 1197 1295 1)

291 1336 360 1397 215
406 1335 434 1396 εἰ
453 1330 482 1395 δ’
508 1326 549 1396 αἰι
572 1357 601 1395 τι
623 1330 804 1415 πράξαιντ’
829 1333 952 1416 ἀγαθὸν
975 1334 1247 1398 Ἀττικωνικολ

405 1446 459 1508 καί
484 1447 607 1509 ἔλθοιεν
632 1448 660 1509 ολ
684 1449 831 1521 Λάκωνες
854 1448 980 1529 εἰρήνης
1003 1446 1088 1529 πέρι,

404 1557 506 1643 ἐλέγετ’
530 1559 570 1622 ἂν
591 1560 678 1641 ὑμεῖς
701 1562 807 1635 εὐθύς·
831 1561 1099 1641 ,,ἰξαπατώμεθα“
1123 1561 1180 1623 κτὲ.

267 1677 358 1738 Leve
393 1677 545 1739 codicum
579 1678 701 1740 vitium
737 1672 893 1756 πράξαντ’
929 1693 989 1754 pro
1024 1673 1160 1758 πράξαιτ’
1198 1679 1232 1739 in
1268 1694 1368 1740 versu
1398 1680 1463 1740 215

225 1792 370 1851 correxit
412 1791 551 1867 Beklrer,
593 1792 652 1853 sed
694 1794 868 1868 praeterea
901 1792 1023 1853 deletis
1058 1792 1179 1854 litteris
1208 1814 1297 1869 ανι,
1327 1808 1411 1866 quae
1444 1808 1461 1853 e

225 1919 343 1966 versus
367 1905 433 1965 212
458 1906 552 1966 exitu
574 1907 655 1967 sunt
678 1906 852 1983 repetitae,
877 1906 927 1966 sic
949 1905 1132 1967 scribatur:

405 2017 434 2079 εἰ
455 2013 484 2078 δ’
510 2009 550 2079 αὖ
574 2041 601 2079 τι
625 2013 761 2098 πράξαιτ’
788 2015 911 2099 ἀγαθὸν
938 2017 1126 2097 (ὑμεῖς)
1154 2015 1327 2079 Ἆττικοί.

268 2133 387 2195 Simile
419 2133 496 2208 quid
526 2149 706 2210 perpessus
729 2135 782 2195 est
805 2134 902 2195 Pacis
924 2148 1044 2195 versus
1070 2135 1166 2195 1154.
1192 2134 1230 2193 In
1254 2134 1351 2193 suavi
1375 2134 1467 2195 elrori

226 2248 358 2310 cantico
392 2245 533 2323 fingitur
567 2247 670 2309 herus
698 2247 826 2310 famulo
857 2248 952 2309 iussa
982 2247 1084 2308 dans:
1116 2250 1253 2321 quatuor
1281 2251 1356 2308 ονπλ
1378 2247 1465 2309 demi

225 2364 342 2444 λαγῷα,
365 2362 435 2423 ait:

406 2466 450 2535 ὧν
473 2469 579 2555 ἔνεγκ’,
604 2466 628 2535 ὦ
652 2478 723 2553 παῖ,
742 2469 801 2555 τρί’
830 2470 915 2553 ἡμῖν,
929 2474 966 2535 ἲν
990 2470 1024 2535 δὲ
1048 2474 1159 2535 δοῦναι
1181 2485 1221 2559 τῷ
1246 2476 1338 2556 πατρί
1345 2494 1351 2507 ·

406 2588 554 2668 μυρρίνας
577 2581 600 2648 τ’
625 2587 752 2666 αἴτησον
776 2586 790 2649 ἰ
798 2589 813 2661 ξ
836 2588 1087 2668 Αἰσχινάδου
1110 2598 1170 2649 τῶν
1193 2591 1365 2667 καρπίμων,

404 2700 457 2762 καί
480 2700 541 2779 άμα
563 2709 616 2780 τῆς
640 2701 734 2780 αὐτῆς
758 2698 833 2763 ὁδοῦ
858 2701 1041 2782 Χαρινάδην
1065 2724 1108 2775 τις
1132 2702 1258 2782 βωσάτω
1281 2701 1339 2764 κτὲ.

226 2817 319 2878 Unde
351 2832 475 2878 nomen
499 2815 687 2895 Αἰσχινάδου
711 2817 859 2878 alienum
882 2831 957 2879 esse
980 2819 1150 2880 testantur
1172 2819 1315 2880 numeri.
1338 2818 1463 2894 Nempe

225 2931 357 2993 litterae
387 2930 435 2991 αδ
466 2947 484 2993 a
509 2946 606 3016 veren
629 2930 784 3007 proximo
808 2930 983 3008 irrepsisse
1007 2931 1174 3010 videntur,
1198 2932 1271 2994 dein
1296 2932 1463 3009 pepulisse

227 3045 523 3123 praepositionem,
547 3046 696 3107 eominus
719 3047 834 3107 autem
857 3046 1052 3122 scripsisse:

404 3157 555 3238 μυρρίνας
574 3152 595 3218 τ’
618 3158 743 3236 αἴτησον
757 3157 792 3231 ἓξ
815 3152 931 3238 (παρ’
946 3170 972 3224 >
995 3158 1192 3238 Αἰσχίνου
1212 3167 1272 3220 τῶν
1292 3160 1463 3238 καρπίμων.

513 3412 553 3493 4)
574 3413 631 3473 De
652 3413 880 3488 permutatis
902 3413 1008 3473 sonis
1028 3426 1067 3472 αι
1088 3417 1128 3474 ολ
1148 3427 1178 3474 e.

268 3623 372 3685 Plane
403 3622 552 3699 vulgaris
583 3624 638 3685 lric
668 3626 722 3686 est
744 3639 836 3686 error
859 3640 922 3685 nee
943 3625 1065 3700 dignus
1088 3625 1144 3700 qui
1167 3625 1201 3684 in
1225 3625 1316 3686 notis
1340 3625 1466 3686 criticis

188 3725 191 3758 ⁵
231 3739 520 3799 commemoretur.
562 3737 674 3799 Unum
718 3741 754 3799 et
795 3739 940 3799 alterum
984 3741 1099 3799 tamen
1143 3739 1197 3800 lric
1232 3738 1377 3800 dandum
1413 3741 1466 3798 est

188 3832 198 3875 ²
231 3852 432 3928 exemplum.

313 3968 399 4028 Aah.
424 3968 503 4030 268.

651 4089 750 4163 φυλῆς
771 4071 878 4165 ἕτῗρε
901 4085 1053 4165 βακχείου.

233 4197 280 4259 Sic
301 4201 340 4262 R.
366 4199 492 4261 Verum
517 4201 571 4261 est
594 4196 727 4277 ἔπαιρε
751 4199 923 4278 Βακχίου.

187 4307 201 4339 ”“
272 4313 379 4375 Minus
398 4315 552 4389 apertum
573 4316 625 4375 est
645 4315 765 4375 vitium
785 4314 980 4391 metricum,
998 4316 1129 4375 eertum
1141 4315 1269 4388 tamen,
1283 4313 1364 4374 Ach.
1379 4313 1462 4372 912:

563 4438 667 4488 ταῦτα.
690 4463 734 4472 -
758 4430 788 4489 τί
809 4427 861 4489 ιλαλ
883 4427 980 4489 κακὸν
1003 4426 1127 4487 παθών.

191 4560 194 4566 ·
234 4537 291 4601 Ubi
311 4543 459 4618 Bentley
480 4558 540 4619 pro
564 4541 616 4603 tal
639 4543 790 4605 restituit
813 4538 847 4602 el
861 4536 894 4613 ²).

265 4797 282 4857 1λ
297 4802 401 4852 Dorici·
418 4804 511 4851 formis
528 4803 668 4851 verborum
686 4802 713 4849 in
730 4801 807 4849 codd.
824 4799 968 4848 substitute
985 4799 1063 4846 snut:
1081 4799 1189 4845 άιτινίαν
1207 4797 1277 4844 trien
1294 4797 1370 4856 δίκην.

264 4880 282 4938 ²]
299 4884 336 4931 Oi.
354 4897 436 4944 supra
454 4896 515 4943 pag.
534 4883 593 4940 207,
611 4883 634 4930 2.
