4067 5950
573 762 813 811 amenosanrrrs
836 762 915 810 vrrs
937 760 1117 812 anensem.
1399 748 1463 814 111

235 936 411 997 insimulat
428 930 465 1013 ¹),
495 936 592 998 facile
619 939 732 999 autem
754 936 896 998 lectores
919 936 1034 999 minus
1055 936 1153 1013 periti
1176 940 1330 1014 poterant
1352 941 1469 1013 putare

233 1051 344 1125 ipsum
367 1053 501 1126 poetam
523 1049 569 1111 ibi
593 1050 658 1112 dici
680 1053 910 1113 accusatorem
932 1042 966 1121 ²).

279 1164 434 1241 ,Primae
464 1164 594 1227 tabulas
625 1164 814 1227 Callistrato
837 1165 872 1226 et
894 1162 1060 1225 Philonidi
1083 1164 1219 1226 credidit
1242 1166 1402 1243 comicus,
1427 1165 1468 1227 ab

234 1278 379 1339 aemulis
403 1278 476 1341 ideo
499 1279 642 1355 derisus,
675 1281 793 1355 postea
819 1279 922 1340 etiam
946 1292 1007 1339 suo
1031 1278 1168 1339 nomine
1191 1278 1311 1341 docuit.
1335 1279 1471 1353 Equites

233 1391 384 1454 rabulam
414 1408 490 1454 cum
520 1391 555 1453 in
586 1391 743 1454 cleonem
765 1392 956 1469 scripsisset
980 1392 1107 1468 etipse
1131 1392 1270 1469 egisset,
1295 1392 1394 1466 ξενίας
1418 1395 1470 1455 est

233 1506 468 1582 insimulatus;
499 1508 534 1567 et
560 1507 668 1584 primo
691 1507 826 1581 quidem
848 1505 980 1567 facetiis
1002 1504 1146 1567 feliciter
1170 1520 1207 1567 se
1229 1505 1389 1583 defendit,
1413 1505 1469 1566 ite·

233 1636 307 1682 rum
335 1636 413 1682 vero
437 1621 640 1695 tertiumque
664 1635 740 1682 cum
760 1621 793 1681 in
818 1621 872 1681 ius
891 1620 980 1681 esset
998 1621 1152 1697 vocatus,
1173 1634 1241 1681 non
1258 1621 1330 1682 sine
1348 1620 1472 1681 damno

235 1734 387 1809 effugit.”
414 1768 455 1779 —
478 1734 608 1795 Ultima
642 1749 708 1796 non
742 1733 826 1795 satis
859 1732 991 1795 subacti
1022 1732 1153 1807 iudicii;
1185 1734 1347 1811 temporis
1382 1734 1472 1795 enim

234 1850 366 1910 ratione
399 1848 565 1925 neglecta,
600 1849 635 1909 in
669 1847 769 1909 rebus
798 1861 883 1921 quae
912 1848 988 1923 post
1017 1846 1151 1921 Equites
1181 1847 1328 1910 fabulam
1358 1849 1471 1911 datam

235 1965 429 2026 acciderunt
460 1965 653 2027 enarrandis
685 1963 919 2025 testimonium
953 1961 1080 2038 petitur
1118 1978 1161 2023 ex
1201 1961 1472 2025 Acharnensibus

234 2078 361 2140 fabula.

281 2193 370 2269 ,Sed
392 2208 474 2254 mox
496 2193 527 2253 ei
546 2191 652 2254 crevit
673 2190 783 2253 leus.”
798 2190 1007 2253 -Libenter
1026 2191 1206 2269 credimus,
1228 2192 1286 2254 sed
1305 2194 1472 2252 καταλῦσαι

235 2305 435 2382 συκοφάντας
469 2306 555 2381 quod
589 2305 710 2368 dicitur
742 2307 855 2381 posta,
889 2304 1006 2366 laudes
1039 2305 1162 2380 quibus
1191 2306 1262 2383 ipse
1293 2306 1407 2367 iocans
1436 2320 1473 2367 ss

235 2420 425 2482 cumulavit
442 2421 531 2481 serio
548 2421 703 2497 acceptae
721 2419 755 2480 in
774 2434 852 2481 sum
871 2419 1104 2494 conferuntur3
1123 2420 1220 2494 quasi
1239 2419 1473 2495 Aristophanis

234 2535 339 2596 ruerit
369 2535 404 2597 id
437 2536 523 2610 quod
560 2549 647 2595 anno
681 2535 746 2595 411
783 2533 846 2595 luit
882 2535 1162 2610 quadringentum
1196 2533 1250 2596 vel
1288 2548 1376 2595 anno
1406 2534 1471 2594 404

234 2649 379 2724 triginta
402 2649 528 2710 virum:
554 2664 671 2710 cavere
694 2646 775 2720 ὅπως
799 2646 840 2726 prr)
864 2646 910 2726 εἴη
933 2652 995 2719 τοῖς
1017 2647 1224 2725 συκοφάνταις
1246 2645 1358 2725 ἔφοδος
1381 2641 1415 2719 ⁸).

283 2763 509 2840 „Praesertim
533 2761 656 2837 placuit
678 2761 790 2823 Ranae
813 2761 936 2823 fabula.
957 2762 1077 2824 Sacrae
1096 2762 1202 2823 olivae
1222 2760 1356 2823 surculo
1376 2764 1474 2838 poeta

237 2876 277 2937 ob
301 2891 381 2937 eam
404 2880 457 2937 est
479 2876 654 2939 donatus.”
676 2908 716 2921 -
737 2874 841 2935 Fama
862 2889 928 2935 non
951 2876 1121 2951 suspecta,
1150 2876 1306 2949 quoniam
1329 2874 1475 2937 fabulam
1499 2920 1502 2927 .

237 2992 345 3054 etiam
374 2991 426 3052 bis
457 2990 612 3066 deinceps
642 2990 755 3051 datam
786 2989 930 3050 affirmat
952 2989 1055 3050 testis
1076 2989 1216 3052 idoneus
1235 2982 1274 3068 ⁴),
1300 2992 1333 3050 et
1358 2989 1476 3052 Pericli

238 3105 515 3181 'l'hrasybuloque
547 3105 636 3165 idem
671 3105 858 3179 praemium
892 3104 1009 3164 datum
1045 3104 1193 3179 constat,
1228 3106 1266 3164 ut
1299 3104 1338 3164 ds
1369 3103 1478 3179 patria

238 3221 324 3281 bene
349 3218 481 3280 meritis
503 3212 537 3288 Β1.
569 3217 660 3294 Quod
687 3232 767 3279 vero
798 3217 913 3279 eodem
945 3216 1138 3292 pretioque
1162 3230 1318 3277 coronam
1342 3230 1476 3278 auream

238 3335 302 3396 hoc
340 3334 528 3410 praemium
561 3332 716 3394 habitum
752 3345 827 3392 esse
861 3330 953 3392 addit
985 3330 1202 3407 biographus,
1239 3344 1355 3391 vereor
1388 3344 1431 3391 ns
1460 3347 1477 3392 e

239 3447 341 3508 Pluto
363 3446 477 3508 fabula
497 3447 531 3507 id
554 3446 686 3507 duxerit
707 3439 743 3516 ⁸).

287 3561 398 3638 ,Quin
432 3561 514 3622 adeo
546 3559 704 3622 inclaruit
736 3561 776 3620 ut
804 3575 865 3621 rex
894 3560 1094 3621 Persarum”
1109 3604 1116 3620 .
1131 3604 1162 3620 ..
1194 3573 1293 3620 aures
1323 3559 1477 3619 manibus

239 3676 464 3752 occludimus,
489 3689 569 3736 nam
593 3674 693 3734 nimis
716 3673 876 3734 ridiculus
900 3675 952 3734 est
971 3673 1212 3747 grammaticus
1232 3672 1318 3734 serio
1337 3671 1478 3732 afferens

241 3789 361 3865 verba,
383 3789 502 3864 quibus
521 3789 668 3850 comicus
679 3784 932 3866 χαριεντιζόμενος
943 3785 1067 3863 ψευδῶς
1079 3782 1173 3865 λέγων
1187 3819 1228 3829 -
1242 3788 1279 3846 lit
1290 3785 1479 3860 prudentior

241 3905 381 3979 quidam
406 3902 487 3964 olim
510 3903 685 3964 annotavit
708 3902 872 3977 interpres
896 3935 936 3944 -
961 3901 1032 3976 ipse
1055 3914 1092 3960 se
1115 3899 1316 3960 collaudavit
1331 3892 1365 3971 ⁷).

290 4017 409 4094 ,Plato
443 4017 547 4078 isrtur
581 4015 738 4090 Dionysio
773 4015 909 4076 misisse
947 4013 1078 4076 fabulas
1110 4012 1357 4088 Aristophanis,
1393 4012 1478 4072 unde

277 4273 299 4335 1)
318 4275 398 4334 Vesp.
417 4272 475 4321 aab.

277 4351 300 4415 ²)
319 4355 363 4401 lie
380 4356 461 4409 certe,
479 4364 539 4399 cnm
557 4351 631 4398 rudis
647 4348 711 4398 oiim
730 4349 764 4397 ad
781 4350 963 4411 Aristophanis
976 4347 1118 4398 lectionem
1133 4347 1479 4410 iuvenisaccesshaliqnan-

245 4435 332 4493 tieper
349 4432 377 4479 id
394 4434 503 4492 putasse
520 4431 636 4477 memini.

278 4509 301 4574 ³)
319 4513 385 4559 Xen.
403 4511 473 4559 Hell.
489 4509 517 4556 11
534 4511 549 4557 8
568 4510 582 4568 ἕ
602 4510 633 4555 la
650 4509 710 4567 hys.
728 4508 792 4556 XIII
810 4508 824 4566 5
842 4510 856 4556 b
875 4503 1006 4572 [Ariston]
1025 4509 1089 4568 Bep.
1104 4508 1199 4556 Athen.
1218 4509 1249 4554 35
1268 4507 1282 4566 5
1301 4510 1325 4554 l.

278 4589 303 4651 ⁴)
322 4592 499 4640 Dicaearchus
515 4591 542 4636 in
559 4588 722 4648 Argumenta
739 4591 878 4637 Banrrmn.

279 4669 303 4739 ¹⁵)
321 4672 407 4719 Valet.
423 4672 459 4718 II.
476 4671 504 4717 Il
522 4673 537 4717 6
555 4669 571 4729 5
589 4670 604 4716 5
622 4669 687 4729 Nep.
706 4668 834 4727 Thrasyb.
853 4670 877 4715 4.

281 4749 306 4814 ο)
324 4752 395 4798 eruc.
413 4752 472 4798 ese.

283 4829 305 4889 ⁷)
324 4831 456 4878 Achilli
475 4841 533 4888 sqq.

331 4917 381 4962 AB.
