4067 5950
687 794 729 839 nll
752 792 861 838 THTU
883 791 1037 838 rasn1r0.

348 1116 408 1191 10)
429 1117 484 1176 De
506 1115 733 1192 permutatis
755 1113 1047 1191 pronominibus
1067 1104 1171 1193 ἡμεῖς
1192 1145 1232 1155 -
1253 1101 1369 1190 ὑμεῖς,

511 1227 861 1304 praepositionibus
882 1219 1080 1306 πρός-πρό
1106 1224 1207 1286 aliis.

289 1450 450 1526 Exempla
471 1453 708 1527 pronominum
731 1446 817 1529 ἡμεῖς
840 1453 875 1513 et
898 1447 984 1526 ὑμεῖς
1008 1451 1043 1511 in
1066 1448 1095 1509 V
1118 1449 1208 1511 etin
1232 1450 1270 1525 R,
1291 1449 1382 1509 utin
1402 1447 1478 1509 allis

249 1563 424 1639 codicibus,
456 1565 583 1639 passim
610 1566 876 1641 permutatorum
901 1564 1021 1625 afferre
1044 1563 1163 1624 inutile
1186 1563 1279 1623 duco.
1304 1561 1393 1623 Vitio
1416 1561 1477 1623 ire·

249 1677 399 1751 quentius
421 1678 560 1740 debetur
582 1672 667 1757 ἡμεῖς
690 1693 792 1754 quam
814 1676 914 1755 ὑμεῖς,
934 1692 1041 1752 neque
1065 1678 1128 1739 hoc
1147 1678 1262 1737 tamen
1285 1691 1371 1753 raro,
1395 1692 1423 1738 e.
1447 1692 1479 1751 g.

249 1789 279 1849 in
301 1790 328 1851 R
351 1791 451 1867 vesp.
475 1793 541 1852 419
566 1792 619 1853 vel
646 1792 743 1854 1080.

288 1904 400 1979 Neque
430 1906 695 1981 praepositiones
726 1903 803 1983 πρός
832 1906 868 1965 et
890 1902 964 1983 πρό,
985 1902 1057 1983 περί
1078 1905 1112 1965 et
1132 1901 1232 1982 παρά,
1254 1900 1312 1962 ἀπ·
1335 1900 1386 1962 ἑνε-
1408 1900 1480 1980 ὑεῖ,

248 2017 326 2078 elias
353 2021 564 2094 permutatas
596 2020 650 2081 hic
677 2020 937 2081 commemorari
960 2034 1045 2095 opus
1069 2021 1132 2081 est.
1156 2018 1241 2079 Nam
1265 2032 1332 2078 non
1355 2033 1374 2078 e
1397 2017 1482 2079 codi-

249 2132 335 2192 cibus
369 2133 428 2193 sed
464 2150 482 2194 e
507 2135 667 2195 contextu
697 2132 842 2209 singulis
872 2133 955 2194 locis
985 2131 1197 2195 efficiendum
1230 2146 1304 2193 esse
1330 2164 1368 2174 —
1395 2132 1430 2193 et
1450 2131 1481 2191 si

249 2245 306 2307 hoc
340 2262 420 2323 agas
456 2246 541 2309 efflci
577 2262 675 2324 posse
714 2280 752 2290 —
789 2262 856 2322 qua
885 2247 1131 2323 praepositione
1169 2261 1252 2307 usus
1290 2246 1334 2308 sit
1366 2248 1478 2322 poeta,

249 2374 361 2421 omnes
384 2361 544 2436 philologi
567 2362 624 2436 qui
646 2376 686 2424 eo
708 2342 845 2423 nomine
869 2360 961 2436 digni
983 2363 1064 2422 sunt
1087 2360 1186 2437 probe
1210 2362 1342 2421 norunt.

289 2475 340 2535 An
372 2474 459 2536 Plut.
492 2476 558 2537 838
590 2508 634 2519 -
662 2476 700 2537 ut
729 2476 793 2537 hoc
824 2477 961 2536 utamur
991 2508 1032 2519 -
1057 2472 1122 2536 flde
1146 2475 1296 2536 codicum
1322 2474 1480 2535 standum

249 2586 385 2664 videtur,
416 2590 504 2649 mira
533 2589 726 2651 constantia
755 2604 821 2650 non
846 2590 936 2651 intra
957 2589 1144 2650 tonstrinas
1166 2588 1224 2650 sed
1248 2589 1281 2649 in
1305 2588 1388 2664 ipsis
1411 2590 1483 2649 ton·

250 2700 427 2762 strinarum
454 2703 555 2764 tectis
577 2702 764 2764 ardeliones
787 2702 940 2777 garrulos
962 2702 1213 2764 collocantium:

804 2814 893 2897 λόγος
916 2807 974 2894 ἦν.
989 2862 1014 2876 ..
1028 2814 1123 2888 πολὺς

493 2927 557 2991 ἐπὶ
579 2934 657 2992 τοῖσι
679 2929 847 3012 κουρείοισι
869 2937 930 2992 τῶν
953 2926 1142 3010 καθημένων
1165 2926 1223 2991 cri.

250 3047 316 3110 Non
347 3051 473 3126 opinor.
506 3052 593 3113 Sunt
623 3051 818 3114 subsimiies
849 3050 1036 3112 litterarum
1069 3050 1189 3110 ductus
1218 3049 1430 3110 GilliOlCl
1450 3052 1484 3112 et

251 3169 451 3248 enrolcr,
485 3172 542 3234 sed
567 3173 704 3234 etiamsi
726 3172 824 3248 plane
847 3171 1032 3234 dissimiles
1056 3171 1179 3248 forent,
1202 3173 1318 3232 tamen
1341 3173 1483 3235 scriben-

251 3283 325 3346 dum
347 3285 432 3347 foret
455 3287 488 3347 id
512 3287 598 3362 quod
622 3288 747 3351 Porsen
765 3287 915 3349 restituit
933 3288 968 3348 et
986 3287 1073 3363 apud
1094 3288 1204 3362 ipsum
1225 3286 1481 3361 Aristophanem

252 3397 369 3473 legitur
391 3399 470 3461 alibi
486 3394 526 3472 ¹):

692 3510 726 3575 ἐν
748 3518 825 3574 τοῖσι
848 3514 1025 3591 κουρείοισι.

252 3623 345 3686 Iuvat
362 3625 511 3687 conterre
529 3626 652 3688 vitium
671 3643 737 3688 non
756 3627 871 3689 minus
885 3627 1049 3688 ludicrum
1064 3628 1190 3687 etextu
1202 3625 1433 3701 Xenophontis
1449 3621 1483 3703 ²),

252 3738 304 3798 ubi
322 3754 387 3800 non
402 3742 605 3817 praepositio
625 3745 782 3817 corrupta
801 3744 853 3803 est
872 3741 931 3802 sed
950 3755 1088 3801 nomen:
1106 3737 1174 3816 „lul
1188 3736 1220 3799 dl
1232 3744 1295 3810 τοῖς
1308 3739 1447 3818 τείχεσιν.
1459 3785 1483 3799 ..

254 3848 415 3928 ἐφέστασαν
449 3855 578 3917 νεῖσθ’.
613 3856 630 3915 Ι
664 3871 753 3917 nunc
789 3857 822 3916 et
854 3855 969 3916 hostes
999 3869 1076 3916 arce
1106 3855 1212 3930 portis
1234 3869 1336 3930 cupro
1357 3855 1482 3916 moenia

255 3966 435 4030 collocatis!
461 3969 643 4045 Aliquanto
666 3971 780 4046 aptius
804 3969 966 4045 estquod
989 3969 1138 4030 restituit
1156 3968 1339 4029 Hartman:
1361 3967 1484 4044 ἐφέστα-

255 4096 308 4138 σαν
330 4082 486 4164 πύργοι.

296 4194 336 4255 Et
356 4197 442 4259 Eccl.
468 4200 532 4260 397
557 4200 707 4274 potiorne
728 4198 935 4259 Ravennatis
955 4198 1208 4271 ceterorumque
1227 4196 1376 4257 codicum
1397 4198 1483 4258 vide-

256 4310 307 4370 tur
329 4313 512 4374 auctoritas
536 4328 578 4373 an
603 4327 686 4374 usus
709 4313 868 4388 linguae?
891 4311 1066 4372 Traditum
1091 4312 1160 4371 est:

561 4426 644 4500 ἔδοξε
667 4431 729 4499 τοῖς
753 4425 918 4506 πρυτάνεσι
941 4424 1009 4502 περὶ
1032 4425 1183 4505 σωτηρίας

560 4539 683 4620 γνώμας
707 4544 901 4600 καθεῖναι
927 4547 980 4617 τῆς
1005 4537 1129 4610 πόλεως.

261 4679 467 4690 ——.

289 4780 308 4844 ι)
324 4790 368 4836 ιε.
386 4791 461 4837 1441.

288 4862 387 4922 'lxm
402 4870 487 4919 naso.
505 4869 519 4918 1
537 4869 583 4930 ις
601 4871 625 4920 4.
