4067 5950
572 788 638 850 180
1090 801 1132 846 nn
1156 801 1282 847 rosana

613 977 722 1039 Etiam
742 972 989 1036 dubitabundus
1007 971 1190 1048 Dionysus:
1213 973 1365 1050 ,Servari
1385 975 1499 1037 autem
1520 975 1804 1051 patriaquomodo
1867 1035 1868 1042 χ

570 1095 725 1175 potestt”

614 1206 790 1273 Prudentis
812 1201 958 1267 nominis
980 1201 1082 1264 verba
1105 1203 1186 1264 sunt
1207 1217 1291 1276 quae
1314 1202 1492 1278 respondet
1514 1203 1700 1280 Euripides:

750 1317 906 1396 ,Infirma
927 1330 1012 1391 quae
1035 1330 1123 1377 nunc
1146 1315 1276 1389 quando
1299 1314 1396 1378 iirma
1418 1316 1587 1396 ducimus,

751 1434 860 1510 ,Quas
882 1429 980 1492 firma
1003 1429 1083 1492 sunt
1103 1428 1270 1492 infirma.”

573 1587 613 1598 -
644 1562 847 1627 quamquam
876 1559 942 1608 non
972 1544 1154 1607 admodum
1185 1545 1265 1606 sunt
1295 1560 1335 1607 ea
1365 1546 1456 1608 clara
1485 1550 1544 1609 aut
1570 1549 1694 1621 aperta.
1717 1547 1804 1608 Nam

569 1665 657 1743 quod
681 1663 754 1726 vult
776 1663 839 1723 boc
860 1662 930 1721 est:
954 1659 994 1721 ad
1018 1673 1116 1721 veros
1135 1658 1262 1721 amicos
1279 1659 1431 1721 animum
1450 1661 1710 1722 convertendum
1731 1676 1806 1722 esee

569 1783 688 1855 denuo,
730 1777 771 1838 ab
812 1774 971 1852 improbis
1012 1774 1125 1836 autem
1164 1771 1286 1836 melius
1325 1773 1520 1836 cavendum.
1555 1773 1618 1836 Sed
1651 1777 1807 1850 superest

570 1908 686 1970 rogare
719 1891 857 1967 quinam
890 1889 993 1965 igitur
1026 1887 1097 1948 sint
1128 1887 1251 1950 sinceri
1283 1886 1334 1950 1111
1364 1887 1478 1965 amici,
1510 1889 1566 1963 qui
1595 1887 1738 1950 subdoli.
1765 1922 1804 1931 —

570 2009 677 2070 Minus
708 2006 783 2068 dein
812 2005 942 2065 incerta
972 2002 1176 2078 respondens
1205 2001 1392 2078 Aeschylus
1420 2001 1454 2064 id
1484 2003 1696 2064 commendat
1717 2002 1805 2075 quod

567 2121 695 2198 pridem
718 2117 966 2181 commendavit
987 2115 1243 2193 Themistocles,
1267 2118 1383 2194 postea
1405 2115 1565 2177 Pericles:

751 2231 909 2309 ,Terram
932 2229 1081 2292 hostium
1104 2229 1246 2291 simulac
1269 2244 1365 2291 suam
1389 2230 1596 2305 putaverint,

749 2346 872 2422 ,Suam
895 2344 1057 2420 bostium,
1083 2358 1250 2418 navesque
1274 2356 1389 2404 verum
1414 2343 1568 2404 duxerint

749 2459 924 2535 ,Reditum
950 2471 1045 2533 suas,
1070 2456 1129 2517 sed
1152 2455 1299 2532 inopiam
1321 2456 1448 2517 reditus
1471 2457 1609 2518 novos.”

611 2577 640 2636 A
671 2574 797 2637 viribus
827 2571 977 2634 omniurn
1009 2570 1113 2632 unitis
1143 2573 1178 2632 61
1199 2585 1300 2646 quem
1323 2570 1471 2631 maxime
1494 2570 1634 2631 intentis
1656 2569 1803 2631 salutem

566 2690 668 2752 etiam
691 2688 770 2750 licet
792 2701 940 2764 sperare,
964 2700 1032 2746 non
1054 2700 1074 2746 a
1096 2683 1310 2746 barbarorum
1333 2683 1525 2758 stipendiis!

610 2805 748 2878 Iamque
788 2800 956 2864 sententia
995 2798 1143 2873 Dionyso
1179 2798 1314 2860 tandem
1349 2798 1524 2872 aliquando
1558 2797 1703 2859 ferenda.
1721 2857 1723 2860 ,
1742 2797 1803 2859 Oui

567 2915 739 2994 Euripides

747 3028 827 3107 ,lie,
852 3042 917 3101 me,
940 3042 1055 3103 precor
1080 3060 1120 3070 -
1144 3026 1251 3087 testes
1274 3026 1516 3103 promissorum
1540 3025 1607 3087 deii
1635 3058 1675 3068 -
1867 3094 1868 3107 ,

746 3141 889 3218 ,lecum
912 3140 988 3202 iube
1012 3138 1138 3214 redire:
1162 3154 1250 3201 nunc
1272 3138 1429 3201 standum
1453 3142 1505 3200 est
1527 3137 1631 3201 1161”

561 3258 726 3319 acclamat
768 3255 871 3315 etiam
904 3254 997 3329 prius
1031 3268 1132 3329 quam
1166 3252 1266 3314 verba
1299 3252 1416 3315 letalia
1449 3252 1650 3327 pronuntiet.
1685 3252 1800 3317 Et...

562 3371 710 3434 decernit
733 3366 919 3442 Dionysus:

744 3482 876 3559 ,lurata
898 3481 1026 3558 lingua,
1052 3514 1093 3524 -
1117 3480 1265 3556 praefero
1288 3480 1346 3541 sed
1369 3479 1608 3555 Aeschylum.’'

606 3599 732 3673 Nempe
755 3597 929 3658 commode
958 3596 1113 3657 dramata
1138 3594 1312 3671 Euripides
1334 3595 1528 3656 memoriter
1549 3597 1668 3656 tenens
1691 3610 1800 3658 recor·

560 3713 657 3775 datur
680 3710 853 3786 Hippolyti
876 3710 999 3771 verba:

741 3825 876 3900 ,iurata
898 3823 1031 3898 lingua:
1056 3824 1183 3885 mansit
1205 3824 1352 3887 iniurato
1373 3824 1504 3885 mens.'’

607 3972 647 3984 -
676 3938 758 4015 ,Pro
782 3937 926 4014 pudorl”
951 3936 1123 4011 Euripides
1145 3937 1282 4015 clamat,
1304 3940 1340 3999 ut
1359 3937 1483 3999 Aeolus
1501 3936 1581 3998 olim
1599 3936 1800 4013 Euripideus

561 4053 741 4128 compertis
764 4050 825 4114 1111
848 4066 923 4112 cum
947 4064 1060 4111 sorore
1083 4065 1243 4125 germana
1265 4052 1449 4114 amoribus:

720 4167 820 4241 ,Post
842 4168 938 4240 turpe
959 4164 1087 4225 iactum
1111 4167 1188 4227 ante
1211 4181 1269 4228 ora
1291 4166 1374 4227 milri
1398 4167 1501 4228 etiarn
1524 4164 1664 4226 venis?”

604 4283 650 4343 At
675 4281 821 4355 Dionyso
844 4294 910 4341 non
935 4278 991 4340 diu
1014 4279 1065 4339 est
1087 4280 1311 4354 quaerendum
1335 4279 1413 4355 quid
1436 4280 1642 4356 respondeat.
1668 4279 1799 4357 Nempe

559 4398 591 4456 id
614 4395 700 4470 quod
724 4394 893 4456 Macareus
916 4390 1004 4453 iilius
1028 4392 1174 4454 nefarius
1196 4394 1284 4469 patri
1307 4393 1476 4469 respondit
1498 4394 1600 4455 irato:

741 4507 844 4583 ,Quid
867 4509 970 4583 turpe,
995 4506 1053 4581 qui
1075 4506 1183 4568 iecere
1205 4507 1235 4569 si
1258 4522 1325 4569 non
1348 4510 1442 4582 turpe
1465 4507 1634 4569 habent?”

605 4621 658 4682 Sic
681 4600 859 4696 postquam
881 4622 1014 4695 spretus
1037 4623 1137 4695 poeta
1159 4635 1229 4697 epe,
1255 4635 1355 4695 quam
1379 4620 1602 4683 certissimam
1621 4621 1740 4681 tenere
1760 4637 1796 4681 se
1866 4682 1867 4689 χ

558 4734 709 4812 putabat,
733 4735 949 4810 necopinatus
972 4735 1110 4811 excidit,
1134 4733 1235 4795 fiebili
1258 4749 1339 4796 voce
1362 4734 1462 4796 etiam
1485 4735 1653 4809 precatur:

739 4849 887 4926 ,Siccine
910 4849 1083 4925 relinquis,
1109 4849 1202 4925 dure,
1226 4853 1324 4911 nocte
1347 4850 1381 4909 ln
1404 4848 1569 4924 frigida?”
