4067 5950
536 761 578 821 70
1054 777 1095 822 nr
1118 775 1243 820 aornar

536 960 604 1006 rem
632 946 721 1007 ducit
744 947 814 1021 lpse
837 947 976 1016 vinitor,
1001 947 1098 1008 culus
1120 961 1201 1008 cena
1223 947 1380 1022 nuptialis
1402 945 1503 1009 finem
1526 947 1605 1008 facit
1625 946 1772 1007 fabulae.

536 1056 661 1133 Pompa
683 1059 794 1119 iocosa
817 1059 983 1133 agricolae
1009 1073 1170 1134 sponsum
1195 1061 1230 1120 et
1250 1051 1410 1136 sponsam
1435 1060 1602 1120 deducunt
1624 1060 1659 1118 in
1681 1074 1771 1134 prae

537 1170 642 1248 dium,
668 1173 815 1231 ceteram
840 1172 945 1232 vitam
967 1186 1125 1248 prospere
1148 1175 1182 1231 et
1203 1171 1344 1234 feliciter
1366 1187 1442 1234 rure
1465 1175 1707 1235 transacturos.

582 1283 637 1343 Sic
658 1284 766 1358 patuit
789 1298 854 1344 non
878 1288 1029 1345 mortuos
1052 1299 1126 1345 esse
1150 1286 1264 1346 autin
1289 1300 1388 1346 auras
1413 1285 1589 1345 evanuisse
1614 1285 1772 1346 Graeciae

427 1433 429 1438 -
536 1398 630 1472 deos,
666 1411 771 1470 neque
802 1399 928 1458 terram
958 1399 1037 1459 olim
1067 1399 1131 1458 sibi
1162 1413 1274 1458 caram
1310 1400 1451 1460 missam
1482 1398 1613 1460 iecisse.
1645 1399 1771 1472 Regem

537 1509 733 1586 superbum,
766 1525 864 1584 quem
900 1525 976 1572 cum
1011 1511 1128 1571 mundi
1158 1511 1378 1586 gubernatore
1414 1511 1708 1586 expostulaturum
1740 1512 1775 1569 iu

536 1622 626 1682 Iovis
656 1624 755 1684 aedes
786 1624 881 1684 misit
911 1621 1096 1699 Euripides,
1129 1637 1148 1684 e
1179 1624 1322 1684 nubibus
1352 1624 1570 1684 deturbarunt
1594 1624 1628 1682 in
1653 1623 1774 1683 durum

537 1739 644 1796 terrae
675 1737 798 1812 solum,
832 1740 869 1797 ut
900 1735 1056 1797 mortalia
1085 1737 1211 1812 spirare
1234 1738 1376 1797 disceret
1400 1736 1569 1805 mortalis;
1593 1735 1776 1810 agricolam

538 1863 614 1909 vero
645 1849 785 1923 probum
810 1853 845 1909 et
868 1852 1058 1924 strennum,
1084 1850 1140 1922 qui
1166 1851 1205 1910 de
1228 1850 1356 1924 patrias
1379 1849 1491 1909 salute
1518 1848 1680 1908 sollicitus
1701 1863 1777 1922 sup·

536 1959 613 2034 plex
645 1976 701 2021 eos
734 1960 831 2036 adiit,
856 1960 988 2020 salvum
1013 1963 1047 2020 et
1071 1962 1140 2020 voti
1163 1961 1350 2035 compotem
1373 1962 1575 2022 remiserunt
1597 1961 1631 2018 in
1656 1974 1776 2034 agrum

537 2074 699 2148 natalem,
732 2073 787 2132 ubi
819 2072 959 2133 modicis
989 2073 1105 2147 opibus
1135 2072 1299 2132 frueretur
1328 2074 1363 2132 in
1394 2089 1430 2134 re
1461 2075 1553 2133 tenui
1586 2073 1775 2132 contentus.

539 2186 639 2246 Grato
669 2187 782 2246 animo
806 2185 936 2246 Vinitor
962 2220 1001 2229 —
1026 2193 1061 2246 et
1091 2186 1271 2262 paullisper
1295 2188 1418 2247 oblitus
1440 2188 1473 2246 in
1497 2185 1624 2262 pulpito
1648 2185 1778 2244 comico

539 2314 576 2359 se
609 2299 708 2358 verba
735 2299 844 2359 tacere
878 2333 917 2342 —
950 2301 1089 2359 numina
1122 2299 1253 2374 affatur,
1286 2315 1343 2375 pro
1379 2300 1527 2361 civitatis
1556 2297 1779 2374 prosperitate

539 2427 654 2486 preces
677 2412 802 2488 fundit,
829 2410 924 2472 Pacis
946 2411 1026 2472 deae
1049 2413 1083 2471 in
1106 2415 1231 2473 terram
1254 2413 1366 2473 reduci
1388 2426 1483 2472 sacra
1505 2411 1581 2472 fert.
1601 2411 1778 2485 Sapientes

546 2523 691 2598 „bellum
723 2523 872 2584 omnium
904 2537 1017 2584 rerum
1048 2525 1177 2598 patrem
1207 2527 1305 2585 esse''
1336 2523 1531 2600 perhibeant
1556 2523 1652 2584 licet:
1676 2519 1779 2581 fidem

543 2635 586 2694 iis
609 2650 675 2695 non
698 2635 822 2696 babent
840 2635 897 2709 qui
917 2651 1033 2711 agrum
1054 2635 1176 2696 colunt.
1197 2636 1312 2696 Sciunt
1330 2637 1365 2696 hi
1384 2651 1450 2697 non
1470 2635 1543 2696 odio
1562 2636 1596 2696 et
1614 2634 1781 2695 discordia

544 2747 603 2807 sed
638 2748 721 2808 caeli
755 2746 913 2809 beneflcio
948 2749 1112 2810 maturari
1143 2749 1302 2810 frumenti
1337 2750 1473 2824 aristas,
1508 2763 1575 2810 uon
1609 2747 1685 2808 belli
1717 2748 1779 2808 sed

544 2861 636 2935 pacis
659 2862 753 2922 donis
776 2865 966 2937 turgescere
989 2877 1140 2923 racemos
1165 2863 1198 2922 et
1220 2860 1303 2923 ficus
1327 2865 1360 2923 et
1378 2862 1499 2938 olivas;
1523 2861 1634 2923 sciunt
1652 2859 1781 2920 bellum

545 2988 619 3034 esse
650 2976 842 3037 mortalium
872 2976 1097 3053 improborum
1129 2982 1163 3036 et
1185 2977 1377 3053 impiorum,
1401 2992 1516 3053 pacem
1541 2991 1618 3037 vero
1641 2977 1781 3036 sanctae

545 3085 681 3146 deornm
701 3088 864 3149 voluntati
883 3089 1147 3163 obsequentium.
1168 3090 1274 3164 Supra
1293 3090 1398 3149 rabidi
1413 3091 1570 3151 torrentis
1585 3087 1782 3165 voraginem

545 3200 699 3274 panditur
716 3201 806 3262 alma
821 3202 881 3262 lux
898 3217 994 3263 arcus
1011 3202 1243 3277 multicoloris,
1261 3202 1376 3263 Furori
1392 3206 1506 3263 custos
1522 3203 1652 3263 additus
1665 3203 1781 3262 Amor.

546 3312 618 3373 Non
637 3328 748 3374 rerum
768 3315 940 3376 dominnm
959 3314 1084 3375 bellum
1103 3315 1182 3375 lecit
1200 3331 1335 3376 summa
1353 3315 1409 3376 lex
1427 3316 1557 3393 mundi,
1577 3316 1635 3376 sed
1655 3314 1781 3374 bellum

546 3441 626 3501 pace
644 3427 775 3489 domari
792 3429 904 3505 iussit,
926 3428 1055 3490 malum
1074 3429 1162 3489 vinci
1181 3430 1316 3504 virtute,
1338 3429 1512 3503 caliginem
1531 3428 1619 3503 luce,
1639 3428 1780 3488 Martem

546 3539 653 3601 subici
674 3542 851 3603 Minervae.

592 3654 768 3717 Comicanc
791 3657 874 3716 haec
895 3655 960 3717 init
981 3655 1119 3717 fabula?
1142 3656 1194 3715 An
1217 3656 1450 3727 dithyrambus
1472 3654 1584 3730 potius
1603 3656 1655 3715 est
1673 3654 1780 3714 dicen-

548 3771 610 3831 dns
641 3771 681 3831 ad
711 3785 827 3846 pacem
859 3770 1086 3831 celebrandam
1111 3771 1328 3846 compositus,
1354 3770 1406 3830 cui
1429 3770 1580 3829 admixta
1602 3769 1648 3828 sit
1669 3767 1783 3827 fabula

549 3884 703 3959 magica?
738 3883 834 3943 Veris
865 3884 983 3975 'utique
1017 3884 1243 3944 dissimillima
1276 3898 1425 3957 quaeque
1459 3880 1529 3943 fleri
1562 3881 1654 3942 nullo
1684 3883 1781 3954 pacto

549 3997 717 4072 potuerint
751 3996 907 4056 videntur
944 4012 1028 4071 quae
1067 3998 1168 4073 spatii
1206 3997 1430 4071 temporisque
1467 3992 1587 4054 finibus
1625 3993 1782 4053 audacter

549 4109 709 4184 neglectis
737 4110 958 4171 ostenduntur
985 4111 1241 4188 spectatoribus,
1257 4155 1264 4171 .
1280 4154 1286 4171 .
1301 4155 1307 4171 .
1322 4110 1380 4171 sed
1411 4108 1522 4169 fabula
1554 4106 1611 4167 llla
1638 4107 1782 4166 absurda

549 4223 634 4282 miro
668 4224 811 4296 quodam
848 4225 957 4298 poesis
991 4224 1165 4299 splendore
1203 4225 1256 4284 est
1289 4222 1422 4298 perfusa
1455 4221 1600 4295 iocisque
1635 4218 1784 4279 abundat

549 4336 790 4415 festivissimis,
828 4339 906 4399 serii
940 4343 1056 4400 autem
1091 4340 1220 4400 consilii
1250 4341 1284 4399 et
1314 4336 1483 4398 masculae
1513 4332 1690 4409 gravitatis
1719 4331 1782 4391 sub

550 4459 741 4519 turbulenta
770 4458 909 4518 lascivia
938 4460 1071 4518 tantum
1101 4456 1200 4516 habet
1226 4457 1264 4515 ut
1295 4453 1401 4513 multo
1429 4450 1564 4510 maioris
1586 4461 1688 4520 quam
1712 4444 1781 4503 vul·

551 4588 647 4649 geres
681 4588 870 4634 scurrarum
912 4572 1052 4632 facetiae
1086 4570 1131 4630 sit
1166 4569 1263 4643 pretii
1302 4569 1335 4627 et
1368 4563 1533 4640 ponderis.
1572 4561 1643 4621 Non
1678 4558 1783 4619 divini

551 4687 692 4748 iumenti
726 4685 788 4747 alis
822 4685 950 4746 vinitor
984 4686 1019 4744 in
1063 4683 1191 4746 caelum
1230 4685 1282 4742 cst
1317 4680 1440 4755 elatus,
1475 4678 1532 4738 sed
1567 4678 1681 4735 tamen
1718 4686 1782 4745 quo

552 4799 708 4861 tendebat
737 4800 903 4874 pervenit;
936 4801 1083 4860 rusticus
1114 4798 1285 4857 modestus
1308 4793 1485 4855 scarabaeo
1508 4805 1568 4850 suo
1591 4790 1708 4847 vectus
1731 4788 1783 4845 est
1817 4802 1821 4807 ’
