4067 5950
677 765 719 809 nr
742 764 852 811 ruxru
875 764 1028 811 resumo.
1408 753 1471 812 297

245 936 324 1016 λόγια
362 940 477 997 καλεῖ
506 957 551 1013 με.
587 936 659 998 Ηοα
690 937 826 999 demum
856 938 910 999 est
941 952 1068 1013 sapere.
1101 938 1332 1014 Archetypum
1360 938 1478 1001 habuit

246 1041 570 1137 ταμενλομιύύιαλλειμε.

286 1170 339 1232 Sic
363 1172 466 1233 etiam
489 1171 576 1232 Plut.
601 1170 667 1234 tat
691 1172 867 1245 corruptus
889 1170 942 1231 est
964 1170 999 1229 ln
1022 1168 1104 1231 VR:

285 1277 320 1342 ἵν’
347 1281 569 1362 ὑπομνύμενον
593 1284 654 1354 (sic
677 1283 838 1344 Girardlls
860 1298 919 1360 pro
943 1279 1000 1354 ἐπ.)
1023 1283 1132 1344 παύσω
1156 1300 1189 1343 σε
1212 1281 1264 1357 τὰς
1287 1281 1454 1363 ἐκκλησίας.

284 1397 394 1459 immo
413 1402 477 1470 καῖς
497 1395 684 1476 ἐκκλησίαις,
703 1397 788 1473 quod
800 1397 938 1473 praebet
949 1397 1112 1459 scholion.
1127 1396 1262 1460 (lodices
1274 1399 1476 1461 recentiores

246 1512 371 1575 obsedit
394 1514 682 1590 paradiortlroma:
706 1520 758 1590 τῆς
782 1509 948 1590 ἐκκλησίας.

515 1766 552 1848 8)
573 1767 629 1827 De
650 1766 877 1841 permutatis
898 1766 1042 1827 litteris
1062 1781 1087 1848 η
1108 1769 1147 1827 et
1168 1782 1207 1827 ω.

287 1977 359 2037 Non
388 1978 423 2038 in
455 1976 645 2039 minuscula
674 1977 865 2038 litteratura
895 1977 954 2038 sed
983 1978 1017 2036 in
1041 1976 1149 2039 multo
1172 1978 1358 2052 antiquiore
1380 1978 1478 2039 facile

247 2092 428 2165 permutari
451 2091 559 2166 potuit
581 2090 697 2152 littera
718 2112 739 2168 η
763 2105 839 2151 cum
912 2093 945 2153 et
968 2104 1068 2165 saepe
1090 2094 1283 2167 permutata
1299 2094 1361 2153 eet.
1382 2092 1478 2168 Apud

247 2207 428 2268 Homerum
460 2222 503 2268 ex
533 2207 726 2269 huiusmodi
756 2206 924 2268 erroribus
946 2208 1046 2267 natac
1070 2208 1148 2267 sunt
1172 2205 1333 2267 lectiones
1356 2206 1478 2284 πήληκα

248 2336 303 2395 pro
336 2318 464 2397 κώληπα
501 2324 536 2380 Ψ
564 2322 640 2397 726,
674 2317 829 2398 ἕπιβήκορι
859 2318 964 2397 μήλων
994 2335 1053 2395 pro
1084 2319 1209 2398 -βώιορι
1239 2343 1257 2379 ν
1288 2322 1368 2399 222,
1393 2336 1479 2396 quae

247 2433 342 2494 lectio
372 2433 565 2495 defensores
595 2437 629 2496 et
659 2435 859 2510 interpretes
889 2434 988 2494 nacta
1010 2436 1064 2495 est
1087 2434 1175 2495 haud
1199 2434 1367 2510 illepidus:
1395 2434 1479 2512 „irrr-

252 2545 356 2630 ,σκύτη
388 2544 409 2627 ἢ
441 2546 727 2626 ἐφιππαατῆρι·
752 2548 785 2609 οί
805 2546 862 2628 γὰρ
886 2556 946 2607 τῶν
969 2545 1121 2626 βασιλέων
1146 2546 1208 2608 υἱοί
1232 2546 1281 2609 ἐπὶ
1303 2558 1362 2609 τῶν
1384 2559 1478 2629 κριῶν

252 2659 407 2736 ,ἱππεύειν
432 2659 635 2738 ἕμύνθανον”
658 2662 839 2738 (Hesych.),
865 2661 1005 2740 δινηθείς
1028 2678 1086 2738 pro
1110 2662 1253 2734 ἰδνωθείς
1272 2686 1289 2741 χ
1309 2664 1363 2725 85.
1383 2665 1478 2739 Apud

250 2775 409 2836 comicum
426 2778 540 2836 autem
554 2775 632 2837 hinc
644 2776 808 2851 originem
820 2776 925 2837 traxit
938 2776 1058 2837 vitium
1073 2776 1291 2838 manifestum
1305 2784 1366 2839 Av.
1383 2778 1479 2855 1582,

250 2888 303 2947 ubi
324 2888 357 2948 in
380 2888 449 2949 VR
473 2890 594 2951 ceteris
616 2892 685 2950 est:

646 2998 706 3063 ἀλλ’
732 3001 880 3063 ἐπικνῶ
904 3001 937 3064 τὸ
960 3004 1095 3081 σίλφιον.

294 3117 378 3194 Quae
408 3119 566 3191 quoniam
592 3132 659 3178 non
682 3119 898 3194 respondeatis
922 3118 980 3180 ssd
1003 3119 1138 3180 iubentis
1160 3134 1235 3181 esse
1258 3119 1361 3180 verba
1384 3120 1480 3182 docet

252 3234 440 3309 contextus,
477 3233 570 3293 certa
604 3233 657 3292 est
690 3231 831 3294 Dobraei
863 3233 1071 3294 emendatio:
1102 3228 1160 3293 ἀλλ’
1195 3231 1352 3311 ἐπίκνη,
1382 3235 1480 3309 idque

252 3345 328 3420 legit
356 3347 436 3408 olim
468 3347 524 3422 qui
555 3328 850 3422 annotavit'quod
881 3348 916 3407 in
938 3347 967 3407 R
991 3349 1043 3408 est
1065 3349 1289 3424 adscriptum:
1318 3347 1404 3425 „dori
1427 3357 1481 3409 τοῦ

253 3456 420 3542 ἐπίβαλλε”,
454 3475 515 3522 uec
550 3476 617 3521 non
653 3461 683 3521 is
717 3462 770 3521 cui
807 3461 936 3536 longior
967 3462 1089 3523 codicis
1122 3462 1150 3521 V
1179 3462 1317 3524 debetur
1346 3463 1479 3524 notula:

257 3574 357 3649 „doner”
369 3575 445 3653 πρὸς
467 3580 610 3654 μάγειρον
630 3573 745 3634 οἰκεῖον
765 3571 961 3655 διαλέγεσθαι
977 3572 1027 3635 ίπὶ
1038 3585 1078 3659 τῷ
1092 3574 1264 3654 εὐτρεπίσαι
1277 3575 1309 3636 τὸ
1323 3577 1481 3636 δεῖπνον.”

296 3691 358 3752 Νοο
387 3691 502 3752 minus
528 3690 621 3750 carta
643 3688 878 3750 emendatione
900 3704 1041 3750 manum
1064 3693 1182 3765 poetae
1206 3691 1357 3751 restituit
1380 3691 1482 3752 vHer·

255 3807 377 3866 werden
408 3806 442 3866 in
473 3805 513 3866 ir.
544 3804 608 3865 387
637 3803 723 3880 apud
748 3803 928 3865 Stobaeum
956 3805 1074 3882 allato,
1100 3806 1157 3865 ubi
1180 3807 1268 3866 inter
1290 3806 1378 3866 bona
1395 3819 1479 3879 quae

257 3920 344 3981 affert
367 3937 432 3997 pax
455 3923 742 3981 commemoratur
764 3917 798 3978 τὸ
823 3915 950 3978 ἀκούειν
973 3916 1084 3996 φωνὴν
1108 3917 1218 3999 κρυμὸς

451 4110 454 4114 ¹
647 4032 689 4103 είς
711 4031 843 4110 λεκάνην
868 4029 1122 4111 ὠθονμίνης,

258 4147 353 4209 immo
375 4145 628 4227 ἧθονμένης,
651 4147 730 4207 dum
750 4148 941 4222 percolatur.

299 4261 399 4323 Simili
431 4263 514 4323 vitio
539 4261 666 4323 laborat
690 4263 807 4322 textus
830 4261 964 4323 Thosm.
993 4263 1094 4338 1031,
1120 4277 1184 4337 quo
1209 4262 1281 4323 loco
1304 4264 1482 4337 personata

261 4373 460 4437 Andromeda

694 4487 731 4548 ού
754 4483 868 4568 χοροῑσ’
896 4482 965 4549 οὐδ’

650 4601 805 4681 ἐφηλίκων
828 4603 979 4664 νεανίδων

604 4726 742 4795 ψῆφον
767 4717 895 4796 κημὸν
919 4713 1014 4795 ἕστηκ’
1041 4715 1158 4797 ύγοιισα

265 4833 396 4901 queritur
419 4836 507 4896 teste
531 4833 642 4894 codice
665 4833 702 4893 R.
728 4832 817 4908 Quae
840 4833 942 4894 verba
960 4836 1041 4894 sunt
1059 4833 1132 4894 sine
1150 4847 1266 4912 sensu,
1287 4847 1388 4893 arena
1407 4831 1479 4891 sine
