4067 5950
1070 812 1113 857 D!
1134 809 1261 857 Poura}

956 981 1097 1057 „Nubila
1120 981 1209 1056 iugis
1232 985 1352 1055 aquae!

778 1094 969 1172 „Tollamus
992 1095 1138 1170 speciem
1163 1095 1236 1155 sine
1258 1096 1401 1170 pondere
1424 1101 1657 1173 rorantemque

779 1208 929 1284 „Oceano
953 1209 1047 1283 patre
1070 1207 1250 1269 raucisono
1272 1223 1381 1286 super„

777 1320 962 1397 „Montium
986 1320 1028 1381 ad
1052 1321 1141 1382 edita
1164 1321 1253 1382 celsa
1275 1325 1451 1385 cacumina

956 1435 1105 1510 „Fronde
1129 1435 1317 1496 comantia:

778 1548 889 1625 „Haec
913 1548 1050 1623 specula
1073 1547 1159 1608 unde
1182 1561 1297 1609 sacrae
1321 1551 1486 1623 gremium
1509 1555 1602 1628 patet

779 1660 959 1738 „tellaria
983 1662 1059 1721 sata
1081 1661 1167 1734 quod
1190 1660 1283 1722 fovet
1305 1661 1462 1737 uvidum;

780 1775 955 1852 „Flumina
977 1774 1199 1850 prospicimus
1222 1775 1433 1850 strepitantia

780 1889 840 1966 „Et
863 1903 965 1964 grave
989 1887 1176 1963 gurgitibus
1199 1889 1341 1950 reboans
1363 1904 1469 1952 mare.

779 2004 912 2081 „Usque
936 2004 1060 2064 etenim
1083 2002 1228 2078 vigilans
1251 2004 1338 2064 nitet
1361 2005 1509 2066 aetheris
1532 2006 1621 2068 orbis

844 2155 848 2160 -
913 2118 973 2201 „Et
995 2119 1097 2179 radiis
1121 2120 1286 2179 coruscat.

778 2232 942 2309 „Corpore
965 2232 1005 2292 ab
1030 2231 1177 2293 aetherio
1200 2231 1333 2306 fugiant
1354 2233 1413 2294 sed
1438 2248 1563 2307 aquosa

780 2346 932 2423 „Nubila
957 2346 1085 2406 lumine
1108 2360 1198 2405 nunc
1220 2345 1395 2407 hominum
1421 2362 1503 2408 arra

871 2460 1088 2536 „Lustremus
1112 2460 1149 2518 ut
1171 2459 1385 2520 omnituenti.

960 2686 1138 2763 „Virginea
1162 2688 1227 2747 uda
1249 2687 1384 2748 cohors!

780 2802 961 2877 „Visamus
986 2799 1058 2860 sola
1080 2801 1216 2875 pinguia
1238 2799 1385 2862 Palladis
1408 2804 1441 2862 et
1465 2801 1584 2863 dilecta

780 2914 956 2992 „Cecropis
979 2929 1062 2975 arva
1086 2914 1176 2975 viros
1198 2915 1407 2989 generantia!

784 3030 867 3105 „Hic
890 3030 989 3090 decus
1012 3028 1093 3089 illud
1118 3044 1213 3089 sacra
1237 3030 1420 3090 tacentium

781 3145 922 3219 „Sancta
946 3144 1081 3218 domus„
1106 3145 1180 3215 quis
1203 3142 1263 3203 1113
1286 3143 1474 3220 recluditur,

781 3258 963 3333 „Tempora
987 3270 1062 3316 cum
1087 3256 1226 3316 redeunt
1249 3258 1349 3317 stata.

782 3369 982 3445 „Caelitibus
1005 3384 1068 3430 333
1091 3369 1177 3430 dona
1199 3370 1267 3445 hio„
1293 3370 1384 3430 edita

783 3483 1013 3559 „Templorum
1038 3483 1157 3543 decora
1180 3483 1246 3558 hic„
1271 3483 1534 3558 simulacraque;

780 3598 988 3672 „Pompaque
1012 3595 1120 3657 multa
1143 3597 1222 3656 deos
1246 3598 1425 3657 veneratur
1447 3599 1481 3659 31

781 3710 918 3785 „Florea
940 3710 1029 3770 festa
1051 3710 1237 3785 dapumque
1260 3709 1450 3785 opulentia„

914 3822 1087 3898 „Quolibet
1109 3823 1176 3882 1313
1199 3821 1286 3883 sole:

780 3939 843 4013 „At
867 3940 926 3996 tua
948 3951 1026 3996 vere
1050 3950 1135 3997 novo
1159 3936 1299 3996 redeunt
1321 3950 1429 4012 sacra„

781 4049 943 4125 „Bacche„
967 4049 1081 4121 tuique
1106 4048 1197 4107 chori
1220 4062 1306 4108 nova
1329 4049 1471 4123 praelia;

871 4162 1018 4238 „Stridet
1042 4176 1143 4235 grave
1166 4161 1250 4222 tibia
1273 4161 1398 4223 festal”

602 4388 689 4450 Certi
720 4391 822 4464 igitur
854 4391 893 4450 de
922 4390 1066 4451 Nubium
1097 4390 1196 4450 choro
1227 4389 1290 4449 dici
1321 4389 1402 4448 nihil
1432 4390 1543 4464 potuit
1573 4391 1700 4463 praeter
1727 4389 1785 4449 hoc

556 4517 677 4563 unum:
699 4518 773 4563 esse
795 4504 972 4563 mulierum
992 4504 1144 4563 vestibus
1163 4503 1263 4577 pullis
1282 4503 1395 4575 -qui
1414 4503 1552 4563 nubium
1573 4504 1625 4563 est
1645 4501 1732 4563 color
1747 4534 1783 4543 -

556 4616 749 4675 indutarum
771 4619 804 4675 et
824 4617 1025 4692 velatarum„
1046 4617 1117 4676 sive
1137 4617 1304 4677 iuniorum
1321 4618 1392 4676 sive
1405 4618 1515 4677 aetate
1527 4615 1786 4691 provectiorum;

556 4743 620 4788 non
652 4729 740 4787 enim
773 4729 1007 4804 dispiciebatur
1038 4730 1149 4791 133133.
1179 4730 1248 4805 Qua
1271 4730 1418 4790 aetheris
1440 4729 1531 4804 prole
1554 4728 1787 4804 potentissima

553 4841 680 4916 impelli
701 4842 897 4904 mortalium
918 4844 1052 4918 ingenia
1071 4845 1111 4905 ad
1131 4860 1244 4905 rerum
1261 4859 1380 4905 causas
1398 4842 1620 4919 explorandas
1640 4842 1785 4913 caelique
