4067 5950
572 764 637 825 282
1014 783 1057 829 or
1080 782 1189 829 ruxru
1211 781 1365 829 rururno.

570 952 708 1029 praebet
729 954 775 1014 V:
810 949 925 1015 τάλαιν’
958 952 1015 1035 ἐγὼ
1046 962 1099 1033 τῆς
1128 954 1244 1033 ὕβρεως
1267 955 1383 1025 (immo
1407 960 1476 1031 -ος),
1502 969 1567 1016 non
1592 955 1623 1015 id
1646 956 1719 1028 quod
1738 957 1769 1015 R:

570 1061 682 1126 τάλαιν’
718 1064 822 1148 ἔγωγε,
856 1070 991 1131 etiamsi
1022 1083 1089 1131 non
1119 1072 1325 1131 testarentur
1352 1070 1499 1145 numeri,
1523 1071 1699 1131 testaretur
1716 1085 1771 1143 syn·
1837 1082 1838 1121 i

569 1180 671 1243 taxis.
706 1182 827 1244 Nostro
861 1183 934 1245 looo
964 1182 1130 1245 scribatur
1160 1182 1233 1244 sola
1262 1184 1376 1244 littera
1394 1205 1413 1241 α
1437 1198 1495 1259 pro
1526 1182 1718 1259 diphthongo
1736 1204 1772 1257 π,
1837 1206 1838 1267 ρ

570 1310 712 1369 quaeum
747 1298 931 1371 permutari
962 1296 1048 1357 solet
1078 1297 1111 1357 in
1143 1296 1333 1358 litteratura
1363 1296 1554 1357 minuscula
1570 1292 1603 1373 ι),
1628 1297 1660 1356 et
1679 1311 1772 1355 verum
1835 1294 1838 1371 l

571 1409 708 1487 emieat,
734 1411 821 1485 qnod
845 1411 972 1486 primus
995 1410 1147 1472 restituit
1170 1410 1308 1471 Reislre:

748 1522 786 1584 οὗ
811 1523 973 1602 effluo),
996 1523 1100 1601 τάλαν,
1124 1514 1236 1603 ἔγωγε]

615 1636 703 1698 Plut.
729 1637 794 1700 240
819 1638 852 1698 in
876 1637 1067 1713 relegitur:

749 1747 807 1831 ἐγὼ
831 1747 864 1811 tt
886 1751 997 1813 τούτου
1025 1759 1153 1815 (τοῦ)
1180 1750 1294 1831 τρόπον
1319 1750 1384 1823 πώς
1407 1745 1463 1829 εἰμ’
1489 1749 1544 1811 ἀεί.

570 1864 693 1925 Verum
716 1862 817 1925 habet
839 1864 877 1926 V.

616 1976 704 2039 Plut.
729 1978 805 2040 702.

748 2088 1135 2171 ὑπερ<ηρ>οθρίοιοε
1158 2089 1195 2172 χή
1219 2086 1363 2152 Πανάκει’
1391 2089 1578 2171 ἀπεστράφη.

571 2203 714 2264 Versum
749 2205 900 2265 restituit
934 2204 1054 2280 Bergk.
1084 2206 1169 2267 Nam
1201 2207 1286 2281 quod
1319 2207 1421 2267 habet
1442 2205 1487 2265 V:
1515 2203 1773 2285 ὑπηρυθρίασε

568 2318 650 2379 licet
682 2318 833 2378 numeris
867 2333 933 2378 non
964 2319 1152 2395 damnetur,
1185 2320 1290 2380 nihilo
1322 2322 1439 2381 tamen
1470 2321 1584 2380 minus
1614 2322 1717 2395 aperte
1737 2320 1776 2377 est
1838 2308 1839 2313 ’

569 2431 743 2507 vitiosum,
786 2432 945 2505 quoniam
979 2446 999 2492 a
1034 2436 1195 2494 contextu
1230 2434 1341 2494 aliena
1375 2437 1455 2494 sunt
1490 2429 1679 2512 ὑπέρυθρος
1708 2430 1774 2492 suh·

489 2551 492 2555 ’
569 2544 767 2606 rubicundus
805 2548 838 2605 et
873 2545 1011 2606 verbum
1048 2579 1087 2589 —
1122 2547 1151 2606 si
1189 2546 1317 2623 extitit,
1359 2562 1437 2607 narn
1475 2547 1609 2608 aliunde
1646 2561 1706 2607 non
1736 2546 1775 2605 est

570 2658 742 2734 cognitum
776 2692 815 2702 —
848 2658 1064 2738 ὑπερυθριᾶο.
1097 2659 1283 2721 Gemellurn
1308 2662 1428 2721 vitium
1452 2661 1485 2720 in
1509 2661 1538 2720 V
1561 2660 1690 2736 irrepsit
1710 2657 1776 2718 Nub.
1837 2710 1838 2715 ,

574 2772 652 2832 136:
677 2769 1020 2850 ἀπεριμερίμνως,
1042 2772 1099 2833 ubi
1123 2775 1288 2849 integram
1312 2774 1489 2835 lectionem
1513 2773 1648 2850 praebet
1669 2774 1704 2833 R.

615 2999 725 3061 Nihilo
750 3002 859 3076 magis
883 3000 981 3061 dubia
1004 3016 1060 3062 res
1083 3003 1136 3062 est
1159 3001 1241 3063 Ach.
1266 3003 1348 3063 358:

994 3113 1025 3173 τί
1047 3136 1118 3175 οον
1141 3112 1236 3194 λέγεις
1259 3112 1317 3175 nrt.

572 3229 625 3290 Sic
647 3228 676 3289 R
699 3243 757 3304 pro
781 3227 810 3287 τί
831 3220 888 3289 οὖν
915 3228 1020 3292 (οὐ)
1047 3226 1142 3308 λέγεις
1165 3226 1223 3288 κτὲ.

615 3341 724 3403 Etiam
755 3342 890 3403 Thesm.
921 3344 987 3404 463
1020 3343 1073 3405 hic
1096 3343 1302 3420 afferendus,
1333 3342 1389 3402 ubi
1412 3346 1520 3404 metro
1544 3336 1779 3404 claudicantelt
1842 3385 1843 3392 ,

570 3454 705 3531 praebet

993 3567 1046 3631 καὶ
1069 3569 1266 3631 πολύπλοκον
1289 3566 1388 3650 νόημ’.

569 3684 697 3746 Debree
719 3683 892 3746 revocavit
914 3685 947 3746 id
971 3685 1057 3759 quod
1081 3685 1264 3760 scripserat
1288 3686 1454 3746 comicus:

926 3799 980 3857 uoti
1005 3800 1108 3862 <ΤΙ>
1136 3799 1340 3860 Πολύπλοκον
1364 3795 1463 3878 νόημ’.

616 3913 710 3974 Idem
735 3927 826 3973 error
849 3912 884 3972 in
907 3911 936 3973 R
959 3914 1011 3973 est
1035 3913 1111 3974 Pae.
1136 3913 1219 3974 520:

749 4016 772 4084 ὦ
795 4023 907 4085 πότνια
930 4024 1137 4106 βοτρυόδωρε,
1164 4027 1267 4090 <ΤΙ>
1287 4026 1457 4106 'riporum
1483 4022 1510 4086 6'
1538 4025 1625 4104 ἔπος,

570 4141 604 4200 et
627 4140 661 4200 in
686 4139 715 4198 V
738 4139 822 4200 Rau.
847 4139 905 4199 99:

836 4250 989 4312 τοιουτονὶ
1017 4255 1120 4316 (TI)
1149 4251 1527 4332 Παρακεκινὸονεομένον.

614 4366 773 4428 Necnon
796 4366 862 4427 huo
884 4366 967 4427 iacit
990 4367 1054 4428 Av.
1082 4367 1182 4443 1078,
1208 4367 1264 4427 ubi
1288 4367 1333 4429 R:

747 4478 875 4556 λήψεται
899 4479 1055 4555 τάλαντον,
1078 4476 1119 4555 ἢν
1143 4475 1176 4539 δὲ
1201 4476 1281 4552 ζῶντ’
1309 4478 1603 4561 ἀγάγητεταρα,

569 4595 668 4671 paulo
692 4593 804 4655 minus
828 4594 948 4656 vitiose
971 4595 1016 4653 V:

603 4850 623 4917 ¹)
641 4853 770 4915 Exemplo
787 4867 802 4901 e
820 4851 841 4898 V
860 4856 887 4902 st
904 4855 926 4902 B
942 4851 1012 4901 inira
1030 4855 1170 4903 sileremus
1186 4853 1237 4901 sub
1256 4853 1290 4913 V).
