4067 5950
707 796 787 842 vrra
810 797 850 842 rr
873 795 1042 842 emmaus.
1442 781 1483 841 51

305 976 350 1036 At
373 975 503 1035 iuvenis
525 973 678 1035 ludorum
703 975 736 1034 et
758 973 907 1034 iocorum
931 988 1031 1048 quam
1052 973 1249 1034 eruditionis
1268 973 1378 1047 magis
1397 988 1492 1049 appe·

260 1091 337 1149 tens
367 1089 401 1148 in
432 1087 630 1163 pallidorum
654 1086 914 1148 homuncionum
938 1087 1134 1147 umbracula
1156 1102 1176 1146 a
1199 1088 1294 1162 patre
1318 1087 1434 1147 abduci
1457 1101 1493 1146 se

260 1217 326 1261 non
347 1202 438 1262 sinit.
458 1200 613 1262 Nondum
633 1203 748 1261 tamen
768 1200 896 1261 abiecto
916 1215 1021 1260 senex
1040 1201 1125 1274 quod
1144 1202 1336 1275 susceperat
1353 1201 1492 1261 oonsilio

261 1315 333 1389 ipse
367 1313 406 1375 fit
440 1314 584 1376 Socratis
614 1313 807 1390 discipulus.
841 1314 903 1374 Sed
934 1329 1042 1374 novae
1076 1313 1259 1389 sapientiae
1294 1313 1327 1373 in
1360 1313 1492 1374 cerebro

261 1429 344 1489 duro
369 1428 426 1488 vix
458 1429 491 1488 et
520 1443 562 1488 ne
586 1427 644 1487 vix
666 1427 800 1500 quidem
824 1429 876 1488 est
899 1427 1002 1491 locus,
1030 1427 1142 1487 Prima
1164 1427 1297 1500 quidem
1322 1427 1493 1488 doctrinae

260 1541 359 1602 initia
392 1543 441 1602 sic
475 1541 559 1602 satis
593 1541 677 1602 bene
708 1541 810 1616 capit;
843 1541 982 1601 numina
1012 1541 1084 1602 loco
1114 1556 1175 1602 suo
1207 1540 1303 1615 pulsa
1334 1555 1423 1616 esse,
1460 1541 1492 1600 id

261 1658 388 1730 optime
407 1656 588 1731 intellegit;
609 1655 711 1716 etiam
730 1655 883 1715 fulminis
901 1669 1038 1716 causam
1057 1654 1143 1715 clare
1163 1655 1319 1730 perspicit
1340 1654 1492 1715 edoctus:

262 1769 443 1845 vaporibus
463 1771 628 1832 distentas
647 1771 752 1832 nubes
776 1770 848 1844 cogi
868 1773 981 1846 vento,
1006 1786 1090 1845 quas
1108 1771 1289 1833 violentius
1308 1772 1495 1846 complosas

261 1893 442 1966 strepitum
473 1892 581 1951 lacere
611 1890 721 1965 illum,
754 1905 853 1965 quem
885 1890 1012 1950 tonitru
1042 1892 1163 1952 vocent
1193 1890 1358 1966 homines,
1391 1892 1494 1951 donec

261 2007 433 2081 disruptae
465 2006 623 2067 emittant
653 2004 813 2080 pluviam.
845 2004 1016 2079 Simplicia
1038 2006 1167 2067 scilicet
1190 2009 1268 2067 sunt
1292 2008 1392 2068 haece
1411 2007 1493 2067 viro-

262 2135 337 2179 rum
371 2120 543 2194 sagacium
573 2119 695 2193 placita
721 2121 755 2180 et
779 2119 884 2179 cuivis
907 2119 1081 2181 intellectu
1104 2121 1223 2181 facilia.
1247 2121 1392 2196 Longius
1415 2137 1493 2181 vero

262 2233 297 2291 in
329 2247 416 2293 nova
440 2233 494 2293 via
524 2232 699 2307 procedere
724 2233 860 2292 conatus
883 2233 999 2293 haeret
1023 2248 1103 2294 mox
1126 2235 1160 2293 in
1188 2235 1310 2295 artium
1334 2234 1491 2295 liberalio-

262 2361 338 2405 rum
369 2345 568 2405 rudimentis
598 2344 776 2420 ponendis;
800 2359 879 2405 nam
905 2345 1004 2405 verba
1027 2345 1093 2406 alia
1116 2346 1227 2408 virilia
1250 2363 1336 2423 esse,
1362 2347 1496 2423 perinde

263 2459 365 2531 atque
393 2458 507 2518 tauros
530 2458 583 2519 vel
614 2457 733 2533 gallos,
762 2457 828 2518 alia
850 2458 1024 2533 feminina,
1049 2459 1222 2520 modorum
1247 2463 1375 2536 autem,
1401 2463 1493 2523 utin

262 2570 335 2630 foro
366 2570 597 2646 frumentario,
622 2571 670 2631 sic
693 2573 727 2631 et
749 2570 782 2630 in
807 2572 879 2631 arte
900 2572 1031 2632 musica
1054 2572 1164 2646 aliqua
1187 2588 1263 2634 esse
1286 2574 1492 2649 discrimina,

262 2686 346 2744 haec
372 2699 520 2758 quaeque
544 2683 639 2759 plura
661 2686 741 2745 sunt
763 2683 953 2745 huiusmodi
983 2686 1060 2758 quid
1083 2685 1146 2746 sibi
1169 2687 1275 2747 velint
1298 2702 1373 2748 eum
1399 2687 1492 2748 latet.

263 2797 360 2857 Talia
394 2797 519 2857 scilicet
552 2796 673 2870 requiri
707 2798 745 2857 nt
786 2799 891 2857 artem
926 2797 1106 2858 creditores
1139 2798 1291 2860 eludendi
1326 2799 1494 2861 addiscere

263 2910 340 2985 quis
364 2911 483 2986 possit!

310 3024 396 3099 Ergo
426 3025 467 3085 ad
497 3022 602 3084 illium
633 3024 719 3084 redit
741 3039 811 3084 res:
836 3024 918 3086 velit
939 3026 1037 3100 nolit,
1061 3026 1207 3087 eundum
1231 3030 1283 3088 est
1306 3028 1339 3087 in
1363 3027 1494 3088 Medita-

264 3138 393 3212 culum;
413 3137 451 3199 fit
467 3138 612 3199 Socratis
623 3137 819 3213 discipulus,
840 3138 965 3199 frustra
978 3140 1169 3200 etiamnunc
1179 3140 1329 3200 obnisus.
1346 3139 1496 3215 ,Pater”,

263 3251 391 3312 clamat
415 3251 498 3325 ,erit
521 3266 596 3311 cum
620 3251 719 3311 huius
742 3251 868 3311 consilii
893 3251 967 3311 initi
990 3255 1024 3313 te
1047 3254 1231 3329 poeniteat,
1256 3253 1339 3314 mihi
1358 3253 1495 3314 credel‘’

264 3364 329 3424 Sed
360 3366 452 3439 patet
480 3365 593 3438 ianua,
617 3365 741 3425 intrare
763 3365 905 3439 iubetur,
929 3365 963 3425 in
986 3364 1107 3426 domus
1130 3367 1314 3441 penetralia
1337 3366 1496 3441 recipitur

264 3492 445 3538 causarum
468 3479 627 3553 patronus
649 3477 792 3537 iuturus.

311 3590 353 3651 Et
386 3592 462 3665 post
495 3606 616 3665 paucos
651 3590 721 3651 dies
751 3606 771 3650 a
801 3591 935 3651 Socrate
966 3592 1052 3666 patri
1083 3592 1231 3653 redditur
1261 3592 1495 3654 veteratoriam

263 3703 361 3763 illam
393 3703 521 3763 dicendi
552 3705 658 3763 artem
690 3703 788 3778 probe
824 3704 970 3765 edoctus.
1006 3704 1110 3765 Vultu
1140 3706 1270 3778 quidem
1306 3707 1415 3768 iactus
1446 3709 1498 3767 est

262 3816 374 3877 lurido
394 3818 427 3877 et
447 3815 687 3892 unaerepnontl
705 3816 767 3892 illi,
786 3831 886 3890 quem
909 3819 1220 3894 „vespertilionem”
1232 3823 1354 3881 vocant
1366 3836 1497 3896 omneS,

264 3945 369 4003 quam
403 3929 517 3990 florida
550 3930 660 3990 aetate
694 3930 808 3989 iuveni
845 3929 996 4006 similior,
1035 3933 1092 3991 sed
1127 3932 1310 3993 iniustitiae
1344 3934 1411 4021 iam
1446 3937 1498 3995 est

265 4042 549 4105 consultissimus.
573 4043 690 4117 Itaque
713 4042 890 4103 creditores
914 4059 989 4104 cum
1014 4046 1054 4105 ad
1079 4061 1141 4105 sua
1163 4047 1340 4120 repetenda
1363 4047 1498 4122 adsunt,

263 4173 302 4217 re
322 4157 445 4217 inlecta
456 4156 560 4217 redire
572 4156 744 4229 iubentur;
764 4156 1016 4232 magistratum,
1037 4158 1066 4217 si
1079 4158 1204 4234 lubeat,
1226 4160 1346 4220 adeant
1358 4160 1499 4233 litesque

264 4268 456 4329 intendant!
482 4268 612 4344 Verbis,
638 4284 703 4330 non
727 4270 876 4330 nummis
896 4270 1007 4331 debita
1030 4271 1072 4331 iis
1093 4272 1263 4333 soluturus
1284 4275 1336 4333 est
1355 4273 1501 4333 Socratis

264 4382 451 4457 discipulus
475 4398 492 4441 e
515 4382 711 4442 Meditaculo
735 4384 866 4443 recensi

313 4495 397 4555 Irati
426 4494 476 4554 illi
507 4493 641 4569 abeunt,
675 4510 779 4555 senex
810 4499 923 4556 autem
955 4496 1064 4557 laetus
1095 4497 1229 4558 domum
1263 4512 1359 4557 suam
1383 4498 1498 4575 intrat,

266 4622 352 4668 cena
381 4608 514 4682 opipara
544 4607 710 4681 largisque
734 4608 861 4682 poculis
883 4609 1029 4670 reditum
1053 4608 1113 4670 filii
1136 4610 1321 4670 doctissimi
1345 4625 1421 4671 cum
1446 4611 1502 4671 illo

266 4719 518 4782 celebraturus.
532 4764 540 4781 .
555 4764 562 4780 .

314 4832 414 4892 Flens
438 4847 517 4893 mox
542 4836 575 4893 et
599 4832 776 4893 clamitans
800 4836 833 4894 et
855 4833 964 4894 lacera
987 4836 1082 4894 veste
1104 4834 1194 4895 foras
1213 4835 1356 4909 proruitt
1377 4836 1503 4911 Nempe
