4067 5950
715 805 795 850 vrrs
816 805 856 850 nr
879 805 1048 850 ornamus.
1435 785 1496 847 157

264 977 431 1055 quaestio,
455 993 513 1039 cur
535 978 675 1054 improbi
699 979 851 1040 homines
869 977 968 1039 multi
987 978 1058 1040 sint
1076 977 1204 1056 ieiices,
1222 975 1373 1038 infelices
1391 976 1503 1036 autem

265 1089 363 1163 probi
382 1092 493 1152 multi.
512 1093 550 1152 In
570 1092 712 1154 Hercule
732 1092 883 1154 dramate
901 1093 961 1153 iras
977 1089 1503 1168 quaestionesmovitEuripides,

267 1202 451 1277 Sophocles
492 1206 577 1279 quod
620 1207 660 1268 ad
695 1220 753 1268 eas
787 1206 1002 1285 responderet
1036 1205 1199 1281 quaesivit
1234 1221 1309 1268 cum
1346 1205 1505 1279 Oedipum

265 1331 386 1390 regem
419 1319 556 1396 taceret,
592 1319 829 1394 quaesiverunt
857 1319 1000 1380 Iudaeus
1030 1321 1129 1394 poeta
1154 1319 1253 1382 Hiobi
1284 1321 1443 1382 carminis
1473 1329 1508 1389 et

266 1430 419 1506 theologi
453 1431 647 1510 christiani,
683 1435 717 1494 et
751 1433 887 1495 omnino
921 1433 987 1494 lert
1017 1436 1139 1495 natura
1168 1434 1342 1495 hominum
1373 1437 1412 1494 ut
1440 1448 1505 1495 non

268 1544 404 1617 possint
432 1561 497 1608 non
521 1562 637 1623 rogare
661 1562 726 1622 quo
749 1546 886 1609 oonsilio
909 1560 975 1621 qua
996 1548 1126 1609 ratione
1148 1547 1231 1610 haee
1253 1548 1325 1608 vita
1347 1548 1392 1608 sit
1415 1547 1506 1608 insti.

267 1663 362 1737 tuta,
386 1675 494 1733 quove
516 1661 643 1723 tendat.
664 1659 747 1737 Quid
766 1659 890 1723 mirum
912 1659 1016 1735 igitur
1037 1661 1121 1735 quod
1142 1661 1247 1722 etiam
1266 1661 1371 1722 menti
1390 1663 1509 1736 poetae

270 1775 396 1837 comici
418 1776 481 1838 hae
502 1775 715 1849 quaestiones
738 1777 818 1836 sunt
839 1773 1050 1851 obversatae,
1076 1775 1110 1834 in
1133 1775 1290 1850 gravibus
1313 1774 1509 1851 praesertim

269 1891 402 1965 patriae
421 1889 602 1952 aerumnis.
621 1889 662 1950 nt
680 1904 738 1964 pro
757 1903 917 1964 generosa
939 1889 1049 1951 indole
1072 1890 1158 1964 quod
1182 1889 1331 1964 diligenti
1354 1904 1433 1951 eura
1452 1903 1508 1949 eas

270 2003 460 2081 perpendit,
491 2003 565 2077 quis
591 2003 773 2078 improbati
806 2003 870 2064 Sed
895 2002 1135 2064 malefactum
1158 2004 1242 2077 quod
1265 2003 1300 2064 in
1323 2003 1407 2064 artis
1429 2017 1509 2064 suae

270 2132 417 2192 regnum
451 2131 509 2178 eas
541 2110 725 2178 transtulit.
756 2115 842 2177 Nam
871 2131 893 2176 a
921 2130 1021 2177 musa
1051 2116 1186 2177 ioculari
1216 2130 1352 2192 prorsus
1382 2115 1510 2176 alienae

273 2232 359 2291 sunt
392 2228 635 2307 disputationes
668 2230 708 2291 de
741 2228 841 2290 rebus
875 2230 979 2307 hisce,
1014 2245 1099 2304 quae
1133 2229 1229 2304 longe
1262 2229 1405 2291 maximi
1433 2233 1511 2291 sunt

275 2345 443 2405 momenti
478 2346 577 2419 atque
612 2345 653 2406 ad
687 2345 776 2406 imas
810 2344 913 2406 animi
941 2345 1079 2406 humani
1109 2344 1237 2406 radices
1266 2345 1441 2419 pertinent.
1473 2345 1510 2404 ln

275 2457 451 2519 comoedia
481 2472 540 2520 eae
574 2458 678 2520 nihilo
713 2459 825 2520 minus
854 2458 1016 2520 molestae
1046 2460 1124 2520 sunt
1154 2474 1253 2533 quam
1286 2458 1319 2518 in
1342 2458 1512 2534 tragoedia

275 2573 378 2632 erant
398 2571 561 2647 Euripidis
579 2572 880 2650 philosopherum,
901 2574 935 2635 et
951 2573 1056 2635 miros
1073 2587 1135 2634 nos
1154 2573 1254 2633 habet
1272 2572 1512 2648 Aristophanes

274 2684 350 2762 ilie,
375 2685 431 2760 qui
454 2685 643 2760 Euripidem
667 2685 708 2748 ob
731 2686 929 2763 septentiam
952 2686 1191 2762 intempestive
1214 2685 1397 2748 adhibitam
1416 2701 1513 2763 saepe

275 2798 398 2876 irrisit,
430 2801 607 2876 postquam
638 2801 679 2863 ad
710 2802 916 2862 senectutem
940 2800 1092 2877 pervenit
1113 2801 1185 2877 ipse
1207 2803 1304 2863 extra
1327 2801 1410 2863 artis
1433 2815 1513 2862 suae

275 2911 366 2974 fines
385 2913 552 2977 aberrans.
571 2913 666 2977 Nunc
680 2929 809 2989 quoque
824 2916 923 2991 poeta
941 2914 1088 2977 comicus
1099 2915 1246 2977 ostendit
1256 2914 1398 2977 indolem
1411 2913 1513 2976 indoli

276 3027 399 3101 tragici
421 3027 527 3089 multo
551 3027 747 3090 similiorem
769 3043 870 3103 quam
894 3030 954 3089 aut
975 3028 1060 3090 sciat
1083 3029 1154 3104 ipse
1177 3031 1235 3091 aut
1257 3030 1334 3091 sciri
1357 3028 1449 3090 velit.

327 3255 438 3317 Etiam
461 3255 614 3316 Socrates
636 3253 677 3314 ad
700 3254 783 3315 duas
805 3252 882 3314 illas
905 3254 1116 3328 quaestiones
1139 3255 1323 3333 respondit,
1346 3256 1515 3333 respondit

277 3371 397 3429 autom
420 3366 452 3429 id
475 3368 560 3441 quod
583 3367 618 3427 in
642 3365 748 3428 altera
765 3365 943 3441 rogabatur
962 3366 1162 3441 denegando.
1181 3366 1304 3429 Verum
1322 3384 1387 3431 uon
1408 3371 1513 3431 est-

278 3483 332 3543 ait
363 3514 405 3526 —
433 3480 602 3557 improbos
624 3479 752 3542 multos
774 3494 848 3541 esse
869 3480 996 3556 felices,
1020 3480 1170 3541 infelices
1193 3496 1266 3542 esse
1289 3482 1424 3557 probos;
1449 3497 1513 3543 non

280 3598 338 3658 eet
372 3610 505 3671 verum,
540 3593 617 3668 quia
650 3592 720 3655 fleri
755 3594 869 3667 nequit
902 3596 940 3654 ut
972 3592 1019 3653 sit
1053 3608 1180 3655 verum.
1211 3595 1324 3670 Neque
1351 3595 1441 3657 enim
1473 3595 1514 3657 ad

281 3708 532 3784 improbitatem
563 3707 709 3784 pertinet
730 3706 887 3785 felicitas,
910 3722 1016 3783 neque
1037 3707 1164 3772 malum
1188 3710 1229 3770 ad
1252 3710 1421 3771 virtutem.
1444 3710 1515 3771 Non

281 3826 382 3884 extra
401 3822 553 3885 homines
570 3821 714 3915 felicitas
733 3821 853 3884 alieubi
873 3825 1035 3900 versatur,
1057 3823 1110 3917 ubi
1129 3825 1267 3908 captari,
1281 3824 1366 3885 unde
1378 3824 1514 3885 domum

281 3937 407 3998 deterri
440 3936 561 4013 possit,
594 3936 652 3997 sed
683 3936 716 3996 in
747 3936 818 4013 ipso
849 3921 964 3998 eorur'n
994 3937 1108 3999 animo
1137 3936 1266 4017 habitat
1294 3952 1355 4017 pec
1383 3938 1447 3999 nisi
1475 3939 1515 3999 ad

280 4052 448 4112 bonorum
478 4050 630 4110 animum
659 4050 690 4109 ei
711 4031 806 4124 patet
827 4049 948 4111 aditus.
971 4050 997 4109 ll
1018 4064 1130 4111 rerum
1152 4049 1365 4110 fortuitarum
1387 4050 1517 4111 nebulis

281 4163 490 4226 undantibus
522 4162 704 4239 percipitur
738 4178 805 4223 vox
834 4141 981 4224 sirenum
1015 4162 1092 4239 „ubi
1123 4164 1193 4239 ipse
1224 4177 1290 4223 non
1320 4178 1370 4240 es,
1399 4166 1451 4225 est
1471 4164 1517 4225 ibi

281 4277 451 4339 fencitas'
471 4271 705 4351 clamantium
728 4253 849 4352 quibus
868 4277 923 4351 qui
944 4291 1060 4371 aurem
1080 4276 1227 4352 praebet,
1247 4276 1377 4338 aberrat
1396 4278 1430 4337 in
1445 4277 1519 4339 loca

283 4394 376 4470 avia,
413 4392 469 4454 ubi
499 4390 587 4453 firmi
618 4392 741 4453 certive
772 4392 868 4468 nihil,
900 4390 984 4452 nihil
1019 4394 1114 4452 extat
1148 4392 1313 4466 manetes,
1345 4392 1518 4454 mutantur

284 4507 400 4568 omnia
424 4509 458 4568 et
480 4508 630 4581 pereunt.
653 4505 718 4566 Sed
741 4506 774 4566 in
799 4507 857 4565 tuo
879 4506 984 4580 ipsius
1007 4508 1139 4580 pectore
1161 4503 1357 4565 felicitatem
1380 4519 1519 4579 quaeras

285 4623 432 4698 oportet,
457 4622 594 4681 suenuo
616 4618 727 4681 labore
746 4617 807 4679 tibi
824 4633 934 4697 pares,
954 4634 1014 4694 per
1035 4618 1137 4679 vitam
1157 4619 1364 4679 continenter
1383 4620 1417 4679 et
1435 4620 1516 4679 tem·

285 4736 442 4810 perantar
471 4735 681 4794 transactam
711 4732 782 4792 veri
805 4731 981 4793 seientiam
1005 4732 1202 4807 appetendo,
1227 4734 1383 4793 externas
1407 4735 1518 4793 autem

288 4863 343 4909 res
372 4849 406 4909 et
435 4846 591 4908 fortunae
629 4846 700 4907 sive
735 4845 910 4907 commoda
942 4844 1015 4905 sive
1049 4844 1258 4905 incommoda
1291 4848 1518 4907 contemnens.
