4067 5950
713 763 793 808 vrrs
816 765 856 808 nr
879 763 1050 811 ornamus.
1456 752 1499 812 79

262 935 355 996 hunc
373 935 487 996 orbem
507 934 610 994 sitam
629 933 786 995 mediam.
807 933 935 997 Alitum
957 936 1077 997 exinde
1097 951 1232 998 summa
1251 937 1313 997 erit
1329 939 1498 1012 potestas:

263 1048 443 1125 pravitatis
466 1049 634 1109 humanae
656 1050 709 1109 est
731 1046 818 1109 linis.

310 1163 421 1223 Etiam
452 1163 589 1224 deorum
619 1165 671 1224 est
701 1160 787 1224 finis.
818 1163 867 1223 Ne
895 1163 949 1224 his
979 1164 1114 1239 quidem
1144 1167 1290 1242 pepercit
1319 1170 1417 1242 poeta
1446 1182 1500 1228 res

264 1276 428 1337 sublimes
462 1276 619 1338 audacter
652 1274 832 1352 refingens,
869 1277 927 1338 sed
962 1292 1039 1338 cum
1075 1280 1184 1340 terrae
1218 1279 1309 1356 prole
1344 1283 1377 1343 et
1410 1281 1501 1357 ipsos

265 1390 405 1452 caelites
433 1390 591 1451 subiecit
605 1391 858 1467 potentissimae
892 1390 942 1451 illi
975 1391 1099 1452 Avium
1134 1392 1277 1469 civitati,
1310 1396 1404 1455 cuius
1441 1410 1500 1456 rex

266 1519 374 1565 novus
405 1503 586 1564 Persuasor
615 1504 896 1565 Atheniensis-
920 1519 1000 1565 nam
1033 1520 1074 1566 ex
1105 1506 1246 1567 Athenis
1275 1508 1358 1568 solis
1387 1509 1501 1569 venire

266 1617 376 1693 potuit
410 1618 495 1692 quod
529 1617 653 1678 mundo
687 1618 859 1693 expediret
884 1652 922 1660 —
948 1621 1079 1695 sceptro
1115 1621 1149 1680 81
1178 1619 1317 1683 fulmine
1348 1622 1389 1682 ab
1422 1621 1500 1682 Iove

267 1731 426 1808 acceptis,
462 1746 538 1792 cum
572 1732 646 1806 ipsa
679 1731 769 1792 Iovis
798 1729 866 1792 iilia
900 1730 1085 1808 Potestate,
1117 1732 1245 1808 virgine
1274 1733 1406 1811 decora,
1439 1735 1501 1796 init

267 1845 534 1921 matrimonium,
559 1846 674 1906 mundi
697 1845 900 1919 gubernator
921 1845 1068 1906 tuturus.

312 1957 437 2034 Pompa
467 1956 568 2034 igitur
598 1961 632 2019 et
662 1960 761 2019 cantu
791 1957 993 2034 nuptialibus
1024 1958 1077 2019 hic
1106 1957 1220 2035 ludus,
1249 1962 1288 2020 ut
1310 1961 1390 2022 olim
1414 1952 1520 2039 Pau,x

268 2070 451 2144 clauditur;
486 2072 545 2132 sed
586 2071 791 2148 fabularum,
834 2086 972 2145 quarum
1016 2073 1088 2132 tam
1121 2073 1247 2140 ,similis
1285 2077 1338 2135 est
1372 2077 1499 2153 exitus,

268 2187 394 2257 quanta
411 2186 445 2246 in
466 2187 587 2246 ceteris
603 2188 654 2246 est
673 2186 910 2261 discrepantial
931 2185 1074 2246 'fantum
1087 2187 1176 2246 enim
1188 2187 1328 2249 interest
1339 2192 1500 2263 quantum

267 2297 355 2358 inter
384 2299 541 2360 iuvenem
572 2300 613 2360 ad
643 2299 771 2376 optima
793 2299 931 2372 quaeris
954 2300 1118 2374 speranda
1140 2300 1241 2360 nimis
1263 2279 1443 2376 proclivem
1468 2304 1502 2362 et

268 2411 379 2470 virum
403 2414 555 2474 excussis
576 2412 739 2489 pueritiae
762 2412 904 2472 somniis
927 2411 1010 2472 nihil
1036 2427 1101 2473 uon
1126 2411 1386 2476 addubitautem.
1406 2415 1501 2476 Pacis

267 2527 366 2599 poeta
395 2526 429 2586 in
452 2527 561 2602 prisca
581 2525 646 2587 fide
668 2524 808 2586 tirmiter
830 2526 932 2586 etiam
955 2525 1143 2601 perstabat:
1167 2529 1265 2602 poeta
1286 2528 1410 2589 Avium
1434 2544 1500 2590 non

267 2638 333 2698 nisi
373 2641 436 2700 arti
474 2655 555 2702 suae
596 2637 696 2701 fldem
731 2638 841 2700 habet.
878 2639 1031 2714 septenis
1064 2639 1162 2698 annis
1196 2641 1313 2700 novari
1348 2642 1501 2703 dicuntur

266 2752 438 2814 homines:
459 2755 521 2814 hoc
540 2757 628 2815 certe
647 2753 820 2830 septennio
839 2752 925 2814 alius
944 2752 1044 2813 homo
1063 2752 1173 2814 tactus
1185 2755 1238 2814 est
1248 2753 1499 2830 Aristophanes.

266 2866 339 2927 Non
369 2867 438 2927 iam
462 2866 595 2928 confidit
623 2881 740 2943 pacem
763 2867 798 2925 in
821 2867 920 2927 terris
943 2865 1013 2927 iore
1037 2864 1226 2943 aliquando,
1252 2881 1318 2927 non
1339 2869 1407 2929 iam
1431 2884 1499 2944 per·
1588 2871 1593 2890 '

265 2995 405 3054 suasum
440 2984 493 3042 est
527 2981 605 3042 deos
639 2994 754 3042 curare
789 2983 914 3041 sortem
949 2978 1160 3061 mortalium,
1194 2994 1277 3054 quse
1308 2980 1411 3041 stulte
1443 2985 1501 3043 aut

264 3109 368 3169 prave
386 3092 469 3155 itant
486 3095 521 3154 in
541 3094 662 3155 melius
680 3109 760 3155 mex
778 3108 1009 3154 conversuros.
1030 3093 1068 3152 In
1088 3093 1186 3154 Pacis
1204 3092 1270 3155 flne
1287 3096 1326 3155 ad
1347 3097 1499 3158 homines

265 3208 420 3271 redibant
449 3207 584 3268 ubertas
613 3208 646 3267 et
668 3206 813 3281 laetitia;
838 3205 1058 3282 agricolarum
1082 3221 1170 3267 novo
1193 3208 1312 3283 gaudio
1335 3208 1498 3270 elatorum

265 3326 420 3384 catervae
449 3321 563 3382 Attica
591 3336 669 3381 rura
697 3320 904 3396 repetebant,
932 3335 994 3381 nee
1016 3334 1082 3380 non
1107 3319 1252 3395 Olympii
1275 3335 1317 3381 ex
1340 3322 1407 3397 poli
1431 3322 1498 3383 lon·

244 3436 389 3511 ·ginquo
411 3449 558 3511 recessu,
582 3433 640 3495 ubi
658 3434 757 3494 nimis
778 3434 833 3495 diu
852 3433 1068 3510 delituerant,
1089 3434 1123 3493 in
1142 3433 1269 3509 priscas
1287 3434 1385 3494 sedes
1404 3440 1500 3495 erant

265 3549 420 3624 redituri,
447 3550 485 3609 ut
514 3563 556 3608 ex
585 3547 676 3608 Iovis
708 3546 800 3622 regia
829 3547 992 3606 mundum
1023 3546 1130 3607 denuo
1162 3546 1430 3607 moderarentur:
1457 3580 1495 3589 -

263 3663 300 3723 in
323 3660 390 3722 fine
411 3660 537 3722 Avium
559 3662 735 3735 postquam
760 3661 794 3719 et
820 3659 865 3719 dii
888 3666 923 3719 et
944 3659 1131 3734 terrigenae
1154 3658 1360 3735 Persuasori,
1386 3675 1497 3721 rerum

264 3789 431 3835 novarum
464 3775 605 3849 auctori,
640 3774 720 3833 sunt
748 3771 901 3847 subiecti,
932 3786 1055 3847 pompa
1085 3772 1246 3847 nuptialis
1273 3788 1330 3847 per
1353 3774 1498 3834 aetheris

263 3890 433 3947 immensa
455 3886 564 3961 spatia
588 3885 652 3946 alis
675 3887 772 3946 vecta
795 3885 968 3945 hominum
993 3884 1097 3945 oculis
1120 3885 1267 3960 eripitun

309 4002 377 4062 Nec
400 4015 465 4061 non
485 4000 596 4060 Nubes
619 3999 779 4073 fabulam,
806 4014 889 4073 quae
912 4000 1011 4059 tertio
1036 4000 1112 4059 ante
1131 3998 1252 4072 Pacem
1271 4014 1358 4060 anno
1378 4015 1497 4062 scenae

263 4118 317 4178 est
337 4113 532 4188 commissa,
554 4127 629 4173 cum
648 4112 775 4173 Avibus
796 4127 1007 4186 comparasse
1027 4112 1129 4171 iuvat.
1153 4112 1236 4172 Nam
1261 4113 1406 4173 rusticus
1425 4113 1495 4190 ille,

262 4228 320 4302 qui
339 4228 374 4287 in
393 4228 618 4303 sophistarum
637 4241 838 4287 vesanorum
857 4225 1060 4286 umbraculis
1083 4224 1243 4285 didicerat
1264 4225 1379 4285 Iovem
1396 4241 1496 4299 regno

262 4340 446 4416 spoliatum
465 4355 553 4416 esse,
574 4341 750 4415 postquam
771 4339 848 4400 altis
868 4338 1039 4399 cachinnis
1057 4338 1098 4399 ob
1118 4338 1265 4413 ineptam
1289 4340 1496 4414 impietatem

262 4470 283 4514 a
314 4453 558 4529 spectatoribus
597 4452 662 4513 tuit
701 4451 829 4513 derisus
869 4454 902 4512 81
941 4451 982 4511 ab
1021 4452 1093 4526 ipso
1131 4448 1199 4511 illio
1234 4451 1419 4528 vapulavit,
1456 4452 1497 4513 ad

262 4568 433 4629 saniorem
466 4569 617 4628 mentem
651 4567 829 4627 restitutus
862 4564 1033 4641 improbos
1066 4565 1142 4626 illos
1176 4565 1386 4626 tenebriones
1421 4581 1496 4626 cum

263 4682 413 4757 ipsorum
445 4679 643 4741 Meditaeulo
674 4679 904 4755 comburebat,
935 4680 1065 4753 pestem
1096 4679 1227 4753 generis
1258 4679 1397 4739 humani
1420 4679 1496 4752 igne

264 4808 465 4870 repurgans;
497 4794 619 4855 Avium
645 4807 722 4854 vero
746 4808 806 4853 rex
829 4793 1010 4853 Persuasor
1033 4806 1149 4853 revera
1171 4792 1285 4853 Iovem
1309 4791 1380 4852 loeo
1403 4791 1496 4866 pellit
