4067 5950
569 799 631 863 140
1085 813 1127 862 nn
1150 813 1275 862 socru

565 989 673 1070 erant,
696 987 799 1050 radiis
820 987 902 1051 solis
920 1003 1021 1063 quam
1045 988 1234 1051 diutissime
1253 989 1404 1065 poterant
1422 988 1646 1064 exposuerunt
1666 1002 1791 1063 corpus,

566 1104 605 1162 ut
635 1101 754 1164 coloris
784 1102 890 1164 virilis
920 1102 1046 1178 aliquid
1076 1103 1227 1165 indueret
1250 1103 1336 1164 cutis
1359 1101 1537 1164 candidior.
1561 1102 1598 1162 In
1622 1100 1796 1162 cachinnos

567 1215 699 1289 quidem
733 1219 954 1293 prorumpunt
988 1232 1065 1279 cum
1100 1217 1188 1279 inter
1222 1231 1259 1278 se
1293 1215 1495 1294 adspiciunt,
1531 1229 1609 1276 nam
1640 1228 1795 1292 perquam

566 1329 702 1391 ridicule
733 1329 773 1391 ab
799 1330 912 1392 oribus
930 1331 1032 1392 nimis
1054 1330 1177 1407 glabris
1201 1329 1382 1393 abhorrent
1404 1329 1524 1392 barbae
1547 1329 1650 1390 nimis
1672 1328 1795 1403 nigrae,

567 1443 706 1506 minime
730 1446 844 1506 tamen
868 1444 1052 1506 detrectant
1073 1447 1286 1520 susceptum
1309 1446 1343 1506 et
1365 1444 1447 1506 artis
1470 1441 1689 1505 concionandi
1711 1444 1794 1517 post·

568 1572 667 1631 quam
701 1557 809 1619 iecere
842 1558 1041 1635 periculum,
1078 1592 1119 1604 -
1150 1558 1269 1634 quippe
1298 1572 1410 1620 rerum
1441 1556 1659 1619 comitialium
1682 1570 1795 1632 parum

568 1672 729 1733 hactenus
751 1672 890 1749 peritae,
915 1705 956 1715 -
980 1688 1039 1750 per
1061 1672 1190 1750 plateas
1212 1672 1303 1734 urbis
1325 1671 1427 1734 otiam
1447 1687 1571 1734 vacuas
1589 1673 1623 1732 et
1641 1671 1796 1732 obscuras

566 1785 712 1862 Puyoem
735 1787 853 1862 petunt
876 1786 965 1848 virili
982 1789 1095 1848 sumto
1114 1787 1230 1850 habitu
1249 1789 1283 1848 et
1301 1788 1442 1863 strepitu
1461 1801 1538 1849 vere
1557 1784 1654 1847 virili.
1674 1785 1797 1868 Nempe

581 1899 792 1960 estimandum
815 1902 885 1961 est:
910 1900 1021 1962 adsint
1039 1901 1108 1963 illio
1127 1903 1257 1978 oportet
1276 1901 1336 1964 sub
1355 1900 1536 1964 diluculum
1557 1902 1591 1961 et
1605 1899 1795 1976 priusquam

568 2013 765 2075 conveniant
799 2013 876 2091 viri,
912 2027 953 2074 ne
987 2013 1029 2075 ab
1062 2015 1116 2075 his
1146 2014 1276 2077 sedium
1306 2015 1437 2076 ordines
1465 2015 1591 2091 primos
1622 2015 1796 2088 occupatos

566 2127 748 2203 reperiant,
772 2125 847 2189 dein
870 2127 958 2189 inter
980 2143 1037 2190 eos
1061 2129 1270 2190 considentes
1292 2130 1521 2204 agnoscantur.

611 2239 719 2301 Verba
747 2240 877 2302 iactura
907 2243 959 2302 est
981 2242 1185 2318 Praxagora,
1212 2245 1340 2305 ceterae
1363 2242 1392 2304 ei
1416 2241 1687 2318 adstipulaturao.
1714 2238 1798 2315 (luae

567 2355 643 2429 quid
677 2354 723 2415 sit
757 2355 904 2432 iussura,
937 2357 1112 2431 novimus;
1143 2370 1222 2418 uam
1252 2356 1361 2432 modo,
1390 2370 1466 2418 cum
1489 2355 1646 2416 mulieres
1669 2352 1797 2414 dicendi

565 2468 711 2529 iacerent
741 2468 938 2546 periculum,
970 2469 1003 2530 id
1035 2472 1088 2530 est
1109 2470 1289 2546 prolocuta.
1315 2471 1361 2546 „0
1386 2470 1490 2546 cives,
1515 2467 1622 2544 capite
1645 2466 1797 2528 laborans

568 2583 707 2657 „civitas
738 2586 852 2644 nostra
882 2583 1028 2657 quotidie
1058 2583 1224 2646 erroribus
1254 2599 1291 2645 se
1314 2583 1436 2661 induit,
1461 2582 1539 2657 quid
1562 2581 1644 2643 velit
1668 2581 1796 2651 nasoia;

568 2696 650 2771 „ipsi
684 2698 797 2758 autem
832 2697 921 2758 cives
951 2697 1030 2771 quid
1060 2698 1165 2760 veiint
1194 2698 1295 2759 nimis
1324 2697 1407 2759 bene
1432 2698 1556 2758 norunt
1577 2710 1712 2770 omues,
1738 2708 1795 2755 suo

568 2812 735 2886 „ipsorum
755 2811 914 2872 nimirum
934 2811 1053 2873 lucello
1072 2810 1167 2873 unice
1186 2811 1317 2874 intenti.
1337 2811 1485 2872 Feminis
1504 2810 1606 2886 igitur
1621 2808 1797 2870 mandetur

569 2938 722 3001 „summa
752 2938 880 2999 rerum3
906 2939 990 2999 quae
1013 2938 1079 2986 non
1103 2926 1174 2987 tam
1198 2926 1278 2987 sunt
1300 2924 1413 2986 variae
1437 2925 1471 2986 et
1492 2922 1675 2986 mutabiles
1699 2935 1795 2997 quam

566 3038 664 3115 „viri,
696 3038 754 3099 sed
784 3040 926 3114 pergunt
954 3054 1042 3100 nunc
1072 3040 1205 3115 perinde
1233 3041 1332 3114 atque
1356 3039 1436 3101 olim
1459 3054 1560 3101 onera
1581 3054 1643 3100 sua
1665 3038 1795 3115 gestare

566 3154 620 3228 „et
650 3151 759 3213 cibum
791 3167 929 3226 coquere
959 3154 994 3213 et
1017 3152 1194 3214 sollemnia
1216 3153 1305 3215 obire
1329 3155 1362 3215 et
1384 3153 1525 3215 maritos
1548 3168 1681 3215 vexare.
1707 3151 1794 3227 Quae

566 3266 698 3342 „quidni
720 3265 859 3342 publicis
882 3265 1067 3328 commodis
1090 3281 1193 3340 aeque
1216 3266 1299 3329 bene
1320 3266 1493 3342 invigilent
1514 3269 1613 3342 atque
1637 3266 1793 3342 privatis!

566 3379 657 3455 ²,illis
688 3379 874 3454 permittite
893 3378 1036 3455 patriam
1061 3380 1094 3439 et
1117 3378 1210 3440 salva
1233 3380 1330 3441 erit.”
1354 3413 1394 3423 -
1419 3379 1509 3440 Haec
1531 3380 1561 3439 si
1583 3379 1703 3441 vicerit
1726 3394 1794 3439 sen·

563 3492 682 3568 tentia,
725 3493 797 3568 ipsa
839 3493 1028 3567 Praxagora
1063 3492 1191 3554 civitati
1225 3493 1380 3569 praeerit,
1416 3493 1450 3553 in
1483 3493 1649 3554 incertum
1684 3506 1793 3554 rerum

564 3609 721 3667 eventum
745 3606 786 3667 ab
809 3607 980 3667 amicabus
1004 3606 1162 3667 dictatrix
1184 3606 1283 3668 dicte.
1442 3590 1445 3595 ¹

605 3718 854 3794 Aliquantisper
886 3722 1063 3794 postquam
1093 3721 1156 3782 iuit
1179 3721 1366 3797 silentium,
1392 3719 1563 3795 Pultispex
1586 3719 1795 3796 Praxagorae

562 3832 703 3893 mantus
737 3833 835 3893 annis
870 3833 1057 3908 provectior
1089 3868 1128 3877 -
1158 3849 1257 3908 quem
1294 3834 1398 3895 diaria
1431 3834 1644 3910 potissimum
1680 3848 1794 3895 curare

562 3945 658 4007 docet
676 3959 797 4006 nomeu
819 3978 858 3988 -
883 3945 974 4007 forae
992 3948 1062 4007 ruit
1081 3947 1210 4009 consilii
1230 3950 1339 4025 inops,
1365 3949 1448 4009 itam
1467 3960 1547 4007 mox
1567 3945 1653 4007 alius
1673 3947 1759 4009 civis
1777 3962 1793 4005 e

564 4060 660 4119 domo
690 4058 809 4119 vicina.
833 4059 959 4135 Nempe
982 4060 1089 4136 primo
1112 4076 1211 4124 mane
1234 4077 1308 4123 oum
1333 4060 1634 4139 consurrexissent,
1659 4062 1795 4122 comitia

562 4188 662 4247 quam
685 4172 832 4247 primum
856 4172 992 4250 adituri,
1013 4172 1099 4236 lecto
1117 4174 1232 4236 relicto
1250 4189 1356 4248 neque
1376 4176 1486 4235 vestes
1505 4188 1584 4234 suas
1595 4174 1794 4237 invenerunt

562 4302 666 4360 neque
700 4299 784 4360 quaa
825 4284 906 4360 ipsis
947 4287 1159 4361 anquirerent
1193 4302 1324 4350 uxores.
1360 4286 1495 4348 Vicinus
1535 4302 1616 4347 mox
1654 4287 1791 4351 domum

561 4414 657 4459 suam
689 4399 792 4459 intrat
822 4398 944 4476 denuo,
968 4403 1005 4460 ut
1029 4402 1216 4462 accuratius
1240 4400 1341 4461 etiam
1365 4402 1502 4475 quaerat
1525 4401 1668 4476 amissa3
1691 4401 1791 4463 Pulti-

560 4527 644 4587 spex
674 4525 765 4588 vero,
798 4512 853 4586 qui
883 4515 997 4574 uxoris
1028 4514 1170 4575 amiculo
1201 4514 1407 4575 multicolora
1438 4514 1594 4576 humeros
1626 4516 1790 4589 uteunque
1859 4568 1860 4581 ,

561 4624 661 4685 habet
692 4623 872 4701 involutos,
906 4659 944 4669 -
977 4626 1010 4686 in
1041 4625 1187 4688 tenebris
1214 4628 1302 4689 enim
1325 4627 1414 4689 aliud
1436 4642 1502 4690 non
1525 4629 1667 4703 repperit
1691 4629 1789 4689 vesti·

563 4740 729 4815 mentum,
755 4772 796 4784 —
822 4741 959 4801 tertium
983 4741 1148 4815 quendam
1172 4742 1277 4803 civem
1303 4740 1513 4804 chremetem
1537 4741 1715 4815 alloquitur
1734 4757 1790 4817 per

561 4852 706 4927 plateam
730 4854 917 4926 ceteroquin
942 4853 1108 4916 desertam
1131 4856 1365 4931 prodeuntem:
