4067 5950
551 757 594 816 rc
1072 775 1114 820 nu
1138 775 1263 822 sorem

550 942 722 1004 rosisslme
758 943 1016 1020 detrectassent,
1052 949 1242 1022 oppugnata
1276 950 1328 1009 est
1361 948 1442 1010 urbe
1475 951 1510 1011 et
1543 953 1618 1024 post
1652 963 1793 1009 menses

550 1052 676 1128 aliquot
706 1056 795 1118 lame
825 1056 970 1132 domita;
1002 1058 1066 1118 viri
1096 1061 1219 1136 888881,
1250 1061 1408 1124 mulieres
1430 1066 1465 1125 88
1486 1063 1677 1139 impuberes
1705 1063 1793 1122 veni·

551 1171 660 1243 erunt,
697 1183 776 1244 ager
810 1169 1001 1244 quingentis
1036 1171 1161 1233 8818818
1190 1173 1452 1236 Atheniensibus
1482 1174 1590 1236 datus.
1622 1173 1675 1234 Sic
1710 1174 1794 1232 haee

550 1297 678 1356 quoque
708 1284 828 1344 civitas
858 1285 966 1358 prisca
997 1289 1031 1346 et
1060 1284 1183 1347 iloreus
1206 1289 1240 1348 et
1261 1289 1353 1363 pacis
1377 1287 1656 1364 appetentissimo
1679 1286 1795 1346 deleta

550 1398 601 1455 est
624 1396 892 1473 conflagratione,
916 1412 1001 1471 quae
1025 1399 1087 1459 8881
1111 1400 1268 1463 Graeciae
1292 1402 1470 1477 perniciem
1493 1399 1618 1462 intulit.

594 1510 690 1570 Anno
712 1509 864 1583 sequenti
886 1509 927 1570 ad
946 1510 1053 1571 multo
1073 1513 1210 1575 maioris
1229 1515 1391 1576 momenti
1410 1513 1655 1590 expeditionem
1674 1514 1793 1571 ineun-

550 1621 626 1682 dam
652 1622 742 1684 cives
760 1624 927 1699 permovit
945 1624 1147 1702 Alcibiades,
1169 1643 1234 1702 qua
1255 1628 1439 1702 Syracusas
1458 1630 1628 1701 totamque
1640 1627 1793 1686 Siciliam

550 1733 586 1794 in
608 1751 705 1795 suam
726 1738 913 1811 redigerent
936 1737 1119 1813 dicionem;
1144 1741 1294 1802 Athenas
1314 1743 1473 1803 nimirum
1497 1756 1571 1804 esse
1589 1741 1795 1814 ubicumque

551 1850 641 1909 esset
671 1864 772 1910 mare.
804 1849 866 1911 Sed
897 1849 1015 1911 classis
1046 1852 1261 1914 ornatissime
1291 1870 1366 1916 oum
1397 1856 1430 1915 in
1459 1870 1497 1916 88
1520 1856 1610 1914 88888
1633 1855 1672 1914 88
1695 1867 1794 1912 mare

550 1964 693 2038 peteret,
725 1964 843 2025 ducem
874 1965 1029 2025 iuvenem
1062 1969 1216 2027 assecuta
1246 1971 1297 2028 est
1325 1968 1471 2029 vindicta
1492 1967 1615 2030 divina.
1638 1966 1727 2027 Nam
1754 1965 1793 2024 de

550 2089 685 2136 summo
715 2077 893 2151 potestatis
922 2079 957 2138 et
985 2079 1195 2140 auctoritatis
1223 2080 1357 2155 fastigio
1389 2081 1535 2143 delectus
1564 2083 1617 2140 est
1648 2077 1793 2140 artificio

551 2189 762 2249 versutorum
785 2190 1067 2268 adversariorum,
1092 2192 1212 2265 quibus
1235 2193 1375 2253 crimina
1394 2193 1481 2254 ultro
1499 2193 1699 2267 praebuerat
1720 2193 1795 2252 eius

549 2299 736 2375 petulantia
765 2317 843 2364 8888
871 2303 1036 2365 iuvenilis.
1069 2304 1240 2380 sacrilegii
1270 2306 1447 2367 accusatus
1469 2304 1576 2367 solum
1602 2305 1721 2381 vertit,
1750 2336 1790 2346 —

551 2412 669 2487 quippe
694 2413 750 2487 qui
774 2416 807 2475 et
826 2415 980 2476 inimicos
999 2431 1079 2478 euos
1095 2418 1196 2493 probe
1216 2418 1351 2480 baberet
1364 2419 1514 2492 cognitos
1526 2420 1560 2478 st
1571 2417 1790 2478 tribunalium

552 2526 805 2587 Atheniensium
838 2528 997 2605 pericula,
1030 2561 1074 2572 -
1105 2531 1178 2590 dein
1203 2531 1355 2606 Spartam
1381 2529 1499 2606 petivit
1521 2533 1555 2590 et
1577 2529 1790 2590 Athenarum

508 2640 510 2644 ’
550 2639 658 2700 hostis
680 2640 799 2702 exinde
822 2641 886 2702 1818
907 2641 1059 2703 omnium
1084 2645 1232 2705 maxime
1255 2643 1442 2704 iracundus.

596 2751 665 2827 Quo
688 2754 826 2814 absente
846 2769 930 2829 quae
947 2755 1082 2816 tandem
1104 2757 1258 2817 vincendi
1277 2772 1353 2831 8888
1373 2759 1447 2840 erat
1464 2757 1591 2831 ingenti
1610 2755 1789 2827 exercitui,

551 2864 607 2938 qui
639 2868 711 2927 tum
743 2883 819 2928 cum
843 2871 994 2943 praeerat
1025 2870 1133 2945 isqui
1158 2870 1398 2945 expeditionem
1424 2872 1576 2931 88888888
1599 2869 1790 2929 Alcibiades

551 2993 749 3052 magnorum
782 2983 1086 3044 emolumentorum
1116 2983 1277 3043 habuerat
1307 2984 1487 3058 promissat
1513 2983 1550 3043 In
1575 2983 1680 3044 altero
1705 2985 1789 3043 duce

550 3092 619 3152 iam
652 3096 748 3154 88888
782 3095 909 3171 omnia,
945 3096 979 3155 ln
1009 3096 1103 3157 Nicia
1134 3098 1326 3157 cunctatore
1357 3096 1427 3172 illo,
1461 3096 1518 3170 qui
1553 3099 1685 3157 tantum
1721 3111 1789 3155 non

552 3206 584 3266 vi
616 3209 751 3267 coactus
782 3209 949 3282 ingratam
980 3209 1186 3283 provinciam
1218 3210 1252 3268 in
1284 3224 1320 3269 ee
1351 3212 1538 3285 receperat;
1567 3208 1674 3269 multo
1697 3211 1788 3270 enim

551 3318 710 3379 libentius
751 3320 841 3380 domi
882 3322 1065 3382 mansisset
1108 3337 1209 3397 nunc,
1252 3322 1386 3396 perinde
1428 3324 1527 3395 atque
1566 3324 1643 3381 ante
1682 3336 1790 3382 88888

551 3434 682 3509 decem,
707 3450 783 3496 cum
807 3433 962 3496 (11888888
986 3435 1092 3509 188188
1111 3435 1184 3495 1888
1203 3435 1322 3509 Pylum
1343 3434 1470 3495 auxilia
1488 3436 1607 3495 ducere
1625 3436 1789 3506 iusserat;

552 3547 608 3621 qui
639 3535 813 3608 obstiterat
843 3549 1029 3621 iterumque
1060 3546 1235 3607 obstiterat
1265 3563 1306 3607 88
1337 3545 1431 3607 118888
1454 3548 1632 3622 expeditio,
1656 3549 1690 3607 et
1712 3562 1788 3606 eam

552 3660 661 3721 solum
686 3660 726 3720 oh
746 3676 880 3721 caueam
903 3661 933 3719 ei
952 3661 1111 3735 praeponi
1132 3660 1328 3735 sasiverat,
1348 3662 1433 3733 quod
1454 3660 1635 3720 cavendum
1650 3660 1790 3720 sentiret

551 3789 593 3834 88
623 3774 746 3835 iterum
773 3772 917 3834 cilicium
940 3773 1155 3834 detrectando
1178 3773 1212 3833 in
1236 3774 1360 3833 civium
1385 3776 1593 3834 contemtum
1617 3772 1790 3832 incideret.

552 3886 616 3947 Hic
638 3902 738 3961 quam
762 3886 863 3946 alacri
886 3887 998 3947 auimo
1023 3887 1057 3945 18
1081 3886 1204 3946 bellum
1228 3888 1273 3946 818
1296 3887 1465 3961 888188888
1484 3886 1592 3959 881818
1611 3885 1788 3959 intellegit,

553 4015 613 4061 nec
641 4001 765 4060 mirum
794 4013 870 4059 eum
895 3999 1419 4059 8888818888818881888181118
1444 3998 1581 4059 88881118
1604 4013 1666 4059 888
1689 3998 1789 4058 admi·

553 4114 649 4188 sisse,
681 4113 739 4174 sed
771 4112 803 4173 id
833 4113 1046 4187 potissimum
1078 4112 1186 4187 egisse
1210 4115 1247 4173 ut
1271 4112 1480 4188 depugnandi
1504 4112 1625 4171 8188888
1648 4110 1789 4171 necessi·
1857 4158 1858 4173 ,

552 4227 672 4301 tatem,
715 4225 920 4300 expectando
961 4227 995 4285 88
1037 4221 1238 4299 explorando
1273 4227 1306 4284 et
1339 4224 1549 4286 deliberando
1583 4222 1789 4298 ampliusque

553 4338 763 4399 deliberando
786 4340 921 4411 tempus
943 4339 1123 4412 terentem,
1149 4340 1183 4397 et
1207 4336 1366 4409 quidlibet
1388 4337 1479 4411 prius
1498 4339 1669 4397 curantem
1689 4350 1789 4410 quam
1857 4346 1858 4371 ³

553 4451 585 4511 id
610 4466 713 4512 unum
741 4451 826 4524 quod
850 4450 978 4510 strenui
1001 4452 1054 4511 est
1077 4450 1185 4525 ducis,
1211 4452 1304 4509 utre
1327 4449 1458 4510 18881888
1481 4452 1578 4524 gesta
1600 4448 1725 4509 bellum
1749 4448 1789 4507 ad

554 4564 695 4625 celerem
720 4566 848 4625 exitum
873 4563 1064 4638 deduceret,
1087 4596 1126 4607 -
1150 4565 1253 4624 donec
1273 4563 1438 4623 exercitus
1457 4562 1584 4622 bomini
1595 4561 1791 4623 meticuloso
1857 4548 1858 4627 r

555 4681 589 4738 88
611 4678 664 4737 881
687 4678 848 4739 diffidenti
872 4676 1080 4737 concreditus
1102 4676 1173 4737 1888
1196 4675 1392 4736 tristissimo
1416 4676 1522 4750 periit.

600 4792 716 4865 Itaque
740 4793 867 4852 aestate
890 4791 968 4849 8881
989 4790 1054 4849 415
1078 4788 1250 4864 splendida
1271 4788 1329 4847 illa
1348 4788 1479 4864 classis,
1500 4803 1565 4861 qua
1583 4788 1788 4847 Athenarum
