4067 5950
611 793 653 837 11
676 791 802 838 norrun
824 791 905 837 vrrs
928 793 967 836 rr
992 789 1162 837 orrnrsus.
1459 777 1500 837 73

268 962 382 1022 Nicias
416 964 449 1023 et
478 962 605 1024 Laches
636 961 799 1035 ceterique
829 962 990 1022 bonorum
1024 961 1169 1023 virorum
1193 963 1373 1040 principes,
1397 977 1503 1037 neque

269 1076 344 1135 erat
366 1074 452 1149 quod
475 1076 509 1135 11
533 1075 576 1135 111
599 1075 844 1151 vituperaretur
866 1075 997 1149 praeter
1014 1075 1078 1136 hoc
1098 1090 1200 1137 unum
1217 1077 1369 1150 ...quod
1392 1073 1504 1152 perfici

269 1203 338 1249 non
370 1190 516 1264 possent.
539 1187 586 1248 Ut
615 1188 760 1264 primum
792 1187 989 1251 iuramentis
1021 1189 1099 1249 sunt
1126 1186 1356 1266 confirmatae,
1380 1187 1506 1249 nuliius

270 1301 369 1378 pretii
399 1316 474 1362 esse
505 1301 672 1376 apparuit,
702 1315 767 1361 non
798 1301 888 1361 enim
914 1301 998 1361 stari
1029 1301 1214 1377 promissis.
1238 1300 1447 1365 Convenerat
1467 1303 1505 1362 ut

270 1414 483 1491 Amphipolis
512 1415 703 1476 redderetur
734 1412 1009 1490 Atheniensibus,
1036 1447 1077 1459 -
1109 1415 1168 1476 sed
1197 1415 1290 1476 reddi
1317 1429 1356 1476 ea
1386 1414 1506 1474 civitas

269 1527 389 1588 noluit.
413 1525 621 1589 Convenerat
642 1528 680 1587 ut
698 1526 882 1587 Panaotum
903 1526 1081 1588 castellum
1101 1527 1136 1587 in
1154 1527 1311 1588 Boeotiae
1329 1524 1506 1588 etAttlcae

270 1637 416 1702 confinio
449 1640 553 1701 situm
588 1637 849 1700 Atheniensibus
884 1639 1071 1700 cederetur:
1107 1640 1226 1700 rudera
1255 1641 1388 1700 tantum
1422 1653 1506 1712 quae

269 1755 507 1828 recuperarent
537 1752 573 1814 bi
595 1753 807 1814 invenerunt.
831 1751 1041 1815 convenerat
1063 1756 1102 1814 ut
1123 1753 1347 1815 Athenienses
1369 1751 1451 1828 Pylo
1474 1759 1509 1814 11

272 1882 291 1926 1
323 1865 443 1927 ceteris
473 1865 569 1941 locis,
608 1880 691 1940 quae
723 1865 827 1926 armis
858 1868 1119 1942 occupaverant,
1151 1881 1188 1926 se
1219 1867 1418 1942 reciperent,
1449 1866 1507 1927 sed
1538 1858 1541 1864 ’

274 1981 350 2053 post
379 1993 502 2053 paucos
530 1978 600 2040 dies
629 1979 794 2054 paenituit
820 1993 876 2040 eos
899 1978 1107 2053 captivorum
1129 1978 1344 2040 liberatorum
1368 1982 1402 2040 et
1425 1994 1508 2053 quae

276 2089 380 2152 etlam
403 2089 565 2151 tenebant
588 2092 779 2166 servarunt,
794 2134 802 2152 .
818 2134 826 2151 .
840 2134 848 2151 .
861 2093 1077 2166 expectantes
1107 2092 1211 2153 donec
1236 2093 1327 2168 pacis
1349 2092 1507 2154 condicio·

275 2202 375 2263 nibus
416 2203 502 2264 satis
542 2203 690 2264 iacerent
732 2201 973 2278 Peloponnesii.
1015 2201 1224 2266 convenerat
1327 2204 1437 2266 verbis
1474 2206 1510 2266 et

274 2314 413 2391 scripto,
447 2329 512 2376 non
544 2330 587 2376 ex
617 2315 722 2378 animi
753 2315 930 2377 sententia.
956 2315 1043 2378 Nam
1066 2316 1145 2378 licet
1167 2318 1420 2380 Lacedaemonii
1444 2333 1509 2379 non

275 2427 345 2488 iam
376 2426 526 2490 fraudem
559 2429 766 2505 molirentur,
799 2443 906 2502 neque
937 2429 993 2503 qui
1022 2428 1166 2491 Athenis
1188 2430 1288 2492 rebus
1310 2446 1398 2492 nunc
1420 2444 1509 2507 prae·
1577 2478 1582 2484 .

276 2543 375 2601 erant
415 2541 565 2617 improba
605 2545 743 2618 agerent
784 2542 936 2618 consilia,
982 2545 1017 2603 at
1060 2543 1394 2605 Lacedaemoniorum
1430 2544 1511 2604 socii

275 2667 394 2728 pacem
429 2656 517 2716 haud
551 2671 718 2730 quaquam
754 2655 937 2734 probabant
971 2658 1005 2717 et
1038 2656 1155 2718 foedus
1189 2673 1209 2718 a
1241 2657 1511 2718 Lacedaemoniis

276 2782 354 2829 cum
379 2767 642 2831 Atheniensibus
665 2772 785 2832 initum
810 2786 890 2832 suae
914 2771 1064 2847 ipsorum
1082 2770 1229 2831 libertati
1248 2771 1413 2831 ducebant
1428 2771 1511 2846 peri·

276 2879 547 2957 culosissimum;
583 2883 726 2944 Athenis
762 2887 876 2945 autem
910 2883 965 2957 qui
997 2882 1121 2943 bellum
1153 2884 1341 2944 continuari
1372 2883 1512 2945 antebac

274 2996 461 3072 iusserant,
484 2997 577 3071 pacis
600 2998 719 3059 amicis
742 3000 914 3059 cesserunt
937 2998 1070 3071 quidem
1093 2997 1128 3057 in
1152 2998 1279 3073 patriae
1302 3012 1337 3058 re
1356 2998 1510 3073 adversa,

275 3110 337 3169 sed
360 3109 459 3169 inviti
483 3114 657 3172 cesserunt
679 3114 714 3173 11
737 3110 877 3172 meliora
899 3113 1086 3186 sperantes.

322 3223 361 3282 In
384 3223 624 3298 quinquaginta
647 3239 754 3285 annos
777 3240 861 3298 quae
884 3224 968 3285 inita
990 3227 1071 3285 sunt
1093 3224 1211 3285 foedus
1234 3226 1268 3285 et
1292 3238 1372 3305 pax,
1394 3239 1436 3285 ne
1455 3239 1512 3299 per

275 3336 349 3396 dies
371 3334 504 3410 quidem
528 3336 768 3413 quinquaginta
787 3338 974 3412 viguerunt.
994 3336 1085 3398 Dicis
1104 3337 1237 3412 quidem
1257 3352 1359 3399 causa
1377 3339 1512 3397 servata

276 3450 359 3509 sunt
388 3463 446 3522 per
469 3463 576 3509 annos
607 3449 809 3526 complures,
834 3450 893 3511 sed
916 3464 1004 3509 varra
1027 3464 1067 3510 ea
1089 3451 1162 3510 erat
1183 3450 1313 3525 species
1335 3452 1370 3510 et
1391 3464 1513 3510 nomen

276 3562 352 3621 sine
383 3576 429 3622 re.
461 3562 548 3622 Socii
578 3562 644 3638 iiii,
667 3562 724 3636 qui
748 3562 872 3624 alteros
896 3562 1009 3623 alteris
1034 3577 1128 3638 opem
1154 3563 1281 3623 laturos
1304 3564 1511 3639 iuraverant,

275 3675 407 3736 invidia
437 3676 602 3750 variisque
634 3677 880 3751 suspicionibus
911 3677 1079 3737 stimulati
1103 3690 1238 3738 omnam
1262 3690 1398 3752 operam
1422 3677 1514 3737 dede

277 3790 358 3848 11111
381 3789 420 3848 ut
443 3789 530 3851 inter
553 3806 590 3851 se
613 3796 771 3852 nocerent
795 3792 906 3864 potius
929 3806 1028 3863 quam
1053 3792 1223 3867 iuvarent,
1247 3790 1325 3851 iicet
1350 3792 1515 3864 usquead

277 3917 407 3963 annum
430 3905 496 3964 414
519 3904 624 3965 fallax
647 3904 729 3967 illud
752 3892 920 3966 sociorum
942 3920 1064 3965 nomen
1088 3905 1253 3964 intactum
1276 3904 1513 3979 permanserit:

277 4020 354 4077 tum
390 4017 524 4078 demum
554 4018 665 4092 palam
696 4020 830 4094 ruptum
861 4018 916 4077 est
945 4016 1076 4093 foedus,
1108 4018 1193 4091 quod
1221 4017 1343 4077 dudum
1368 4017 1409 4077 ad
1432 4016 1513 4077 nihii

278 4130 437 4192 redierat.

324 4244 379 4305 Sic
403 4244 518 4306 Niciae
539 4244 681 4307 consilia
704 4245 846 4305 eundem
867 4244 1056 4305 habuerunt
1076 4245 1231 4306 eventum
1252 4243 1516 4319 quamproxime

279 4360 393 4419 aetate
417 4359 600 4420 habuerant
624 4357 762 4419 consilia
785 4356 943 4418 Cimonis.
964 4358 1191 4418 Athenienses
1209 4360 1243 4417 11
1261 4355 1517 4417 Lacedaemonii

280 4487 358 4533 cum
382 4472 532 4533 iratemo
555 4472 663 4532 denuo
686 4485 799 4531 amore
822 4471 910 4531 inter
932 4485 969 4530 se
994 4470 1170 4545 complecti
1193 4472 1273 4531 sunt
1295 4470 1392 4545 iussi,
1417 4483 1514 4542 qnan-

279 4590 396 4662 topere
419 4586 508 4646 inter
530 4600 567 4647 sa
591 4585 863 4645 abominarentur
885 4583 993 4644 multo
1018 4585 1121 4644 etiam
1150 4582 1271 4643 clarius
1294 4596 1392 4656 quam
1418 4583 1518 4641 antea

280 4698 401 4775 patuit.
432 4698 565 4759 Fratres
596 4698 751 4759 absentes
778 4697 920 4758 tolerare
950 4698 1106 4772 poterant
1135 4696 1396 4770 quadamtenus,
1427 4709 1516 4769 prae·

281 4813 397 4872 sentes
420 4812 518 4871 torvo
541 4809 637 4871 vultu
660 4809 888 4885 intuebantur,
913 4809 1035 4884 pugnis
1057 4824 1139 4869 mox
1161 4808 1308 4884 petituri.
