4067 5950
557 755 599 812 20
1075 769 1116 812 ua
1139 769 1264 814 Porrus

556 941 611 1000 diu
635 940 773 1000 libratae
798 939 922 1000 vitibus
944 942 1173 1002 sustentandis
1194 943 1377 1002 inservient
1400 944 1434 1003 in
1456 944 1569 1004 Attica
1595 944 1635 1004 ad
1659 958 1783 1003 novam

555 1054 750 1115 felicitatem
785 1055 924 1114 renata?
958 1054 1141 1115 Frondibus
1176 1055 1279 1116 eolles
1311 1057 1440 1129 quando
1471 1057 1626 1116 virebunt
1660 1056 1783 1130 denuo,

557 1168 694 1228 canticis
716 1183 902 1229 messorum
926 1169 960 1227 et
985 1168 1263 1230 vindemiatorum
1287 1171 1415 1244 quando
1439 1169 1665 1231 resonabunt?

603 1279 761 1356 Quando?
775 1326 781 1340 .
797 1325 826 1341 ..

600 1395 777 1456 Proximus
807 1411 915 1455 annus
937 1410 1003 1456 non
1025 1411 1140 1471 paoem
1163 1397 1220 1458 sed
1243 1398 1453 1472 populatores
1476 1398 1609 1458 reduxit
1627 1397 1662 1456 in
1686 1411 1783 1470 agros

556 1509 697 1570 Atticos.
727 1510 790 1570 Per
812 1511 882 1570 dies
905 1511 1124 1585 quadraginta
1146 1526 1246 1572 aurae
1271 1526 1391 1572 vernae
1415 1511 1675 1572 Atheniensibus
1696 1510 1786 1569 intra

556 1623 689 1683 moenia
722 1623 824 1683 etiam
860 1639 895 1684 se
931 1624 1178 1684 retrahentibus
1212 1640 1278 1685 non
1315 1627 1447 1699 gratum
1482 1626 1613 1685 resinae
1647 1624 1781 1683 odorem

556 1737 741 1797 attulerunt
759 1740 895 1798 renatae
914 1737 1040 1798 frondis
1058 1739 1227 1814 nuntium,
1248 1740 1306 1799 sed
1329 1740 1398 1799 usti
1416 1739 1499 1813 ligni
1519 1753 1628 1799 aorem
1651 1737 1781 1796 fumum

556 1853 590 1911 et
612 1851 754 1912 favillas.
778 1851 819 1911 Et
841 1866 918 1911 oum
942 1851 1097 1912 hostibus
1119 1852 1317 1912 mortalibus
1340 1854 1413 1927 ipsa
1435 1853 1502 1913 iam
1526 1853 1666 1912 numina
1683 1851 1781 1910 socie·

554 1967 660 2024 tatem
691 1964 837 2025 inierunt
866 1966 906 2025 ad
938 1966 1097 2025 miseram
1128 1966 1302 2026 civitatem
1333 1966 1552 2040 perdendam
1582 1979 1660 2024 nam
1687 1966 1782 2023 extra

555 2093 670 2138 muros
700 2079 778 2139 dum
809 2079 899 2139 iaces
932 2080 966 2138 et
995 2092 1131 2138 secures
1160 2079 1267 2138 denuo
1302 2079 1507 2153 saevierunt,
1538 2079 1572 2136 in
1603 2079 1676 2152 ipsa
1704 2077 1781 2137 urbe

553 2192 706 2252 homines
731 2194 805 2251 arto
828 2191 934 2266 spatio
959 2191 1103 2266 stipatos
1125 2193 1301 2267 occupavit
1323 2191 1459 2252 morbus
1482 2193 1592 2264 atrox,
1613 2190 1667 2263 qui
1687 2205 1782 2251 oaeoo

556 2306 644 2366 maio
674 2305 809 2392 tertium
838 2318 1001 2378 quemque
1031 2318 1073 2364 ex
1104 2305 1146 2364 iis
1176 2305 1356 2380 absumsit,
1385 2305 1488 2366 donec
1511 2304 1602 2364 luotu
1625 2303 1781 2378 impletae

553 2422 633 2479 sunt
646 2421 736 2477 totae
749 2417 900 2477 Athenae
913 2419 947 2476 et
962 2417 1020 2476 vix
1038 2417 1167 2476 inventi
1186 2421 1265 2477 sunt
1282 2418 1338 2490 qui
1358 2417 1535 2492 sepelirent
1550 2416 1778 2476 detunctorum

556 2545 700 2605 corpora.

599 2644 730 2704 Tertius
753 2645 890 2702 secutus
912 2644 966 2703 est
988 2657 1096 2702 annus
1115 2643 1347 2704 calamitatum
1367 2645 1474 2718 ferax,
1500 2647 1534 2703 et
1552 2647 1691 2716 quartus
1705 2688 1712 2702 .
1728 2687 1755 2702 ..

1146 3099 1187 3158 ΙΙ.

594 3328 749 3389 Celeriter
772 3326 1041 3387 maturescebant
1063 3326 1193 3385 fruetus
1217 3324 1341 3399 ingenii
1363 3326 1397 3384 in
1421 3325 1502 3385 urbe
1521 3324 1622 3383 malis
1640 3324 1772 3397 referta,

551 3446 588 3503 ut
617 3456 703 3501 uvae
729 3440 764 3499 in
789 3453 899 3498 cresso
925 3439 1163 3513 tepidariorum
1188 3444 1274 3498 aere.
1301 3437 1446 3512 Quatuor
1469 3452 1655 3513 perennes
1678 3438 1773 3498 inter·

550 3556 704 3616 nocivum
736 3551 934 3612 Graecorum
964 3550 1090 3611 bellum
1114 3551 1169 3625 qui
1191 3553 1341 3614 moestus
1364 3545 1530 3626 adspexit,
1556 3554 1697 3624 quatuor
1719 3566 1773 3625 per

548 3682 653 3728 annos
676 3665 731 3740 qui
755 3664 840 3724 ruris
864 3664 972 3739 spatia
994 3667 1181 3739 aetatisque
1204 3664 1341 3738 puerilis
1364 3663 1553 3723 libertatem
1577 3663 1772 3724 desideravit

548 3782 583 3839 in
613 3777 704 3839 urbis
734 3777 826 3837 luctu
858 3791 987 3837 mersae
1018 3778 1197 3852 angustiis,
1231 3792 1297 3837 non
1329 3791 1408 3851 puer
1439 3778 1467 3835 is
1498 3779 1551 3836 est
1574 3777 1691 3851 etiam,
1716 3775 1771 3836 sed

548 3893 688 3953 iuvenis.
723 3890 899 3951 Generosis
933 3890 1054 3950 studiis
1089 3891 1141 3950 hie
1174 3892 1306 3950 aestuat
1340 3892 1374 3949 et
1405 3905 1488 3963 quae
1520 3891 1632 3949 mente
1659 3888 1772 3948 mobili

551 4006 655 4081 agitat
677 4004 830 4077 consilia,
854 4004 888 4061 in
912 4003 1035 4062 civium
1059 4004 1270 4063 commodum
1296 4018 1473 4063 commune
1496 4002 1640 4077 proferre
1664 4001 1772 4075 gestit.

551 4120 686 4194 Tacere,
717 4118 896 4191 quiescere,
930 4115 1141 4189 peritioribus
1165 4117 1279 4177 oedere
1302 4132 1366 4175 non
1390 4116 1505 4175 sinunt
1527 4130 1603 4175 eum
1624 4130 1718 4175 amor
1741 4118 1772 4173 et

549 4233 671 4292 odium.
703 4231 852 4291 Affliotos
883 4232 1053 4290 erecturus
1084 4232 1149 4303 est,
1181 4229 1348 4303 improbos
1382 4228 1617 4291 debellaturus.
1649 4228 1771 4288 Omnes

548 4345 697 4407 intendet
732 4346 831 4418 vires,
869 4346 905 4404 ut
941 4344 1064 4404 fratres
1103 4343 1189 4402 inter
1229 4357 1266 4402 se
1301 4343 1519 4403 colluctantes
1560 4342 1593 4401 in
1629 4342 1769 4415 gratiam

548 4458 745 4519 reconciliet.
768 4458 828 4533 Qui
849 4459 966 4517 statim
988 4490 1028 4501 —-
1049 4460 1103 4515 sat
1122 4457 1243 4516 soit-
1265 4472 1358 4516 arma
1376 4457 1480 4531 impia
1498 4459 1576 4515 sunt
1595 4454 1768 4528 abiecturi,

549 4574 578 4633 si
598 4586 639 4631 ex
657 4586 759 4631 saeva
779 4574 840 4630 hac
860 4571 997 4630 vesania
1017 4570 1056 4628 ad
1076 4585 1111 4628 se
1131 4569 1306 4642 redierint;
1331 4584 1418 4628 nuno
1438 4570 1527 4628 enim
1546 4583 1627 4628 suae
1646 4568 1770 4628 mentis

548 4701 613 4746 non
643 4685 723 4743 sunt
751 4686 930 4758 compotes.
956 4682 1083 4740 Vividis
1113 4682 1277 4742 coloribus
1306 4683 1427 4757 pictam
1451 4681 1629 4754 imaginem
1655 4695 1767 4739 eorum

549 4800 652 4860 oculis
683 4799 801 4858 obiciet
831 4798 972 4857 miserae
1004 4796 1151 4855 civitatis
1182 4797 1291 4855 iustas
1320 4797 1387 4854 iam
1422 4795 1616 4855 delictorum
1647 4809 1769 4867 poenas
