4067 5950
642 840 684 886 DE
707 839 815 886 TEXTU
838 837 992 884 tunultu.

288 1013 376 1075 Piut.
402 1016 485 1077 908:

555 1127 606 1199 σάς
630 1126 660 1186 τί
681 1127 841 1204 μαθάνς
869 1160 908 1169 -
932 1125 1091 1205 βούλομαι.

212 1243 289 1317 Quod
313 1242 448 1317 vitium,
475 1257 495 1302 a
514 1241 691 1316 Scaligeris
709 1241 871 1302 Bentleiis
889 1240 1066 1302 Brunckiis
1085 1240 1289 1302 Hermannis
1302 1240 1434 1303 (iubetis

212 1373 261 1418 suo
293 1357 402 1431 pretio
437 1356 562 1417 dudum
590 1355 823 1431 aestimatum,
850 1355 937 1431 apud
960 1355 1122 1429 quosdam
1153 1355 1267 1415 tamen
1291 1356 1436 1417 editores

211 1472 308 1531 neseio
332 1470 498 1544 quomodo
521 1471 555 1530 in
579 1470 704 1531 honore
728 1469 916 1546 permansit
940 1483 1045 1542 usque
1067 1469 1109 1530 ad
1132 1468 1222 1528 bunc
1244 1468 1344 1531 diem.

247 1585 446 1645 Litterarum
482 1586 516 1642 Π
548 1586 582 1645 et
617 1585 655 1641 M
687 1583 874 1644 similitudo
908 1583 1012 1644 etiam
1048 1582 1183 1643 Thesm.
1216 1584 1282 1644 656
1313 1583 1432 1644 vitium

212 1699 336 1773 peperit.
363 1699 433 1775 Quo
456 1698 528 1759 loco
552 1697 645 1759 chori
668 1698 736 1757 dux
760 1697 809 1758 sic
832 1696 965 1758 sodales
988 1696 1199 1757 cohortatur:

309 1807 389 1889 ἡμᾶς
411 1812 517 1871 τοίνυν
541 1808 613 1888 μετά
636 1804 713 1870 τοῦτ’
738 1807 799 1889 ἤδη
823 1807 874 1881 τάς
897 1808 1058 1887 λαμπάδας
1082 1806 1243 1887 ἁψαμένας
1266 1809 1322 1889 χρὴ

309 1924 521 2003 ξυζωσαμένας
544 1915 578 1985 ed
601 1922 766 2002 κάνάρείως
790 1932 849 1984 τῶν
872 1918 905 1984 θ’
932 1923 1060 2001 ἱματίων
1084 1922 1291 1996 ἀποδύσας

314 2040 410 2117 ζητεῖν
434 2037 465 2097 εἴ
483 2059 545 2098 που
567 2036 676 2111 κάλλος
699 2061 742 2110 τις
765 2035 844 2116 ἀνὴρ
867 2036 1039 2115 ἀνελήλυθε
1061 2036 1128 2115 nri„

214 2154 261 2213 sed
283 2156 320 2212 nt
343 2155 419 2231 apte
442 2154 596 2215 decurrat
622 2152 849 2230 enuntiatum,
873 2153 1052 2228 legendum
1076 2157 1145 2214 est:

792 2275 851 2327 τῶν
874 2260 906 2326 θ’
932 2265 1059 2341 ἱματίων
1083 2263 1319 2343 άμείοάοας.

215 2390 293 2451 Abiit
318 2392 420 2466 igitur
446 2390 703 2452 AMGAttCAC
727 2390 761 2450 in
786 2389 1046 2451 AiiOAYCAC.

250 2504 296 2564 Ad
325 2504 459 2564 litteras
490 2510 521 2562 A
551 2507 584 2565 et
608 2509 635 2563 A
658 2507 868 2580 permutatas
890 2504 941 2564 sie
964 2505 1190 2579 pervenimus.
1214 2505 1435 2566 Luculentum

216 2617 392 2693 exemplum
415 2619 553 2694 praebet
575 2620 649 2680 Pae.
674 2620 758 2679 959:

175 2748 178 2827 ψ
445 2730 517 2811 φέρε
541 2732 593 2810 δή,
615 2732 648 2792 τὸ
673 2731 817 2792 άαδίον
840 2727 902 2792 τόδ’
930 2730 1058 2811 ἐμβάψω
1082 2732 1193 2810 λαβών.

175 2834 178 2849 ¹
215 2844 259 2904 Sic
288 2845 325 2921 V,
360 2846 444 2907 item
478 2847 521 2923 R,
556 2847 724 2923 adscripto
761 2847 864 2908 etiam
899 2846 968 2908 iota
998 2844 1151 2923 (δαιοίον),
1184 2849 1217 2907 et
1247 2847 1344 2908 facile
1375 2863 1434 2923 pro

215 2958 327 3034 integro
369 2960 485 3022 haberi
526 2963 641 3038 posset
675 2977 807 3037 versus,
843 2962 910 3022 nisi
944 2960 1086 3023 meliora
1119 2960 1275 3023 docerent
1307 2961 1435 3023 scholia

216 3072 305 3146 ipsius
334 3076 457 3137 codicis
488 3075 533 3137 V:
568 3075 667 3154 „odam
699 3075 764 3135 διά
794 3084 861 3136 τοῦ
883 3064 946 3135 [d
972 3073 1026 3152 τὴν
1048 3073 1186 3153 κωμικὴν
1208 3076 1330 3154 γράψας
1353 3073 1432 3148 ίίξιν

218 3181 433 3265 ἀναγινώσκει”,
457 3189 532 3251 dein
555 3191 685 3251 sincera
708 3191 789 3251 haec
807 3191 906 3252 lectio
926 3189 1089 3259 (δαλίον)
1109 3189 1296 3251 detenditur·
1316 3190 1434 3251 collato

218 3297 364 3375 Euripidis
395 3318 495 3364 versu
525 3303 624 3365 Herc.
655 3305 738 3366 928:
771 3303 907 3381 ,μέλλων
930 3299 964 3362 «ii
987 3300 1081 3362 δαλὸν
1104 3299 1178 3381 χειρί
1203 3303 1285 3385 δεξιᾷ
1307 3301 1435 3380 φέρειν’

219 3415 270 3473 tic.
299 3419 331 3476 et
356 3417 506 3478 additur:
533 3416 601 3494 ,διὸ
625 3417 676 3478 καί
700 3419 738 3480 od
762 3418 923 3498 γραπτέον.
947 3418 987 3490 ὥς
1010 3441 1098 3494 τινες,
1121 3394 1170 3489 δά,
1191 3417 1299 3477 ίκανὸν
1321 3416 1378 3497 γάρ
1401 3419 1433 3478 τὸ

222 3525 375 3601 bipartitae
399 3531 441 3602 εἰς
464 3533 595 3591 nieuw·
620 3533 710 3609 Quod
733 3533 885 3595 scholion
904 3533 1027 3593 misere
1046 3534 1256 3594 decurtatum
1276 3534 1326 3603 (ut
1343 3549 1432 3594 asso·

219 3637 266 3708 leti
286 3642 417 3716 praebet
440 3645 481 3720 R,
506 3645 563 3705 ubi
588 3645 708 3707 ultima
732 3649 812 3707 sunt
835 3645 954 3707 verba:
982 3668 1045 3725 ,γρ
1071 3640 1103 3705 rii
1125 3643 1174 3704 καί
1199 3645 1338 3706 δαλίον.”

256 3753 318 3814 Non
358 3758 471 3819 minus
501 3759 642 3834 insignis
673 3759 903 3821 huiuscemodi
934 3775 1025 3820 error
1055 3759 1431 3836 estVesp.1157,ubi

222 3869 353 3938 cognatis
389 3872 479 3931 vitiis
513 3872 679 3949 deturpati
713 3876 794 3935 sunt
827 3873 939 3934 vicini.
969 3873 1201 3948 Bdeiycieonis
1231 3887 1307 3934 cum
1337 3877 1431 3950 patre

223 3977 400 4054 colloquium
425 3985 459 4044 in
482 3985 510 4045 R
533 3988 581 4072 sic¹
604 3989 657 4048 est
680 3989 877 4048 exaratum:

348 4131 388 4138 —
423 4096 477 4179 άγε
501 4107 559 4158 νῦν
582 4097 767 4160 trottae
790 4099 841 4171 τὰς
864 4100 1053 4176 καταράτους
1077 4098 1219 4178 ἐμβάδας.

423 4210 512 4272 τάσάί
534 4207 562 4271 d’
589 4210 705 4284 άνάσας
728 4212 911 4275 ὑπόδυθι
934 4212 986 4285 τὰς
1010 4212 1189 4285 ίαιιωνικάς.

339 4331 401 4399 (-)
425 4325 482 4408 tyb
506 4326 563 4408 γάρ
586 4324 626 4387 άν
649 4327 755 4406 τλαίην
777 4326 1067 4389 innitimini
1088 4348 1160 4386 ποτε

423 4441 543 4520 ἐχθρῶν
565 4436 633 4520 παρ’
659 4439 782 4522 ἀνδρῶν
805 4442 942 4519 δυσμενῆ
967 4441 1148 4517 καττύματα·

227 4549 253 4606 et
272 4554 372 4623 paucis
392 4555 615 4616 intermissis:

349 4701 389 4710 -
421 4666 540 4729 άνυσάν
563 4664 634 4729 ποθ’
662 4668 969 4747 ὑποδυσάμενος
997 4666 1055 4728 uri.

264 4775 337 4850 Quas
358 4784 471 4843 sordes
495 4798 581 4844 novo
605 4783 689 4844 vitio
712 4783 938 4861 (καταράτους)
962 4784 1079 4843 auctas
1103 4782 1239 4857 praebet
1262 4782 1300 4843 V.
1320 4785 1432 4858 Neque

230 4883 438 4955 ὑποιύεαθαι
459 4897 613 4973 κοτίνοιο,
634 4911 741 4971 neque
759 4897 846 4971 quod
867 4897 896 4956 ei
916 4896 1110 4971 oppositum
1122 4900 1176 4956 est
1194 4893 1431 4956 ὑποδεῖσθαι
