4067 5950
1838 302 1866 451 l

1836 460 1845 701 l

664 823 706 867 nn
730 820 839 866 nunu
861 821 1014 869 nnsnrno.
1392 806 1458 868 348

358 990 418 1055 ἀλλ’
449 994 612 1074 Εὐβούλης
635 1003 695 1054 τῶν
718 991 847 1073 πέρυσιν
870 993 914 1065 τίς
936 992 1104 1072 βουλευτής
1127 990 1207 1053 ἔστιν
1231 991 1379 1070 ἀμείνων;

360 1108 582 1187 [παραδοὺς
613 1105 730 1193 ἓτέρτμ
753 1106 824 1185 ττΙν
846 1106 1059 1186 βουλείαν·
1085 1078 1171 1167 οὐδ’
1197 1105 1317 1178 αὐτὸς
1341 1104 1458 1167 τοῦτό

1176 1240 1217 1300 με
1248 1219 1413 1297 φήσεις]

232 1339 389 1411 interpres
409 1337 513 1413 enim,
534 1336 591 1410 qui
610 1338 799 1412 temporum
819 1336 985 1396 rationem
1006 1349 1073 1395 non
1094 1335 1180 1396 satis
1198 1336 1340 1409 teneret,
1362 1348 1458 1395 anno·

231 1453 332 1510 tasse:
360 1449 435 1527 ,τὴν
459 1448 517 1529 γὰρ
539 1447 683 1529 βουλείαν
707 1446 819 1528 ἑτέροις
842 1446 1050 1526 ereptionem&

484 1802 541 1877 ia)
561 1802 617 1863 De
637 1801 750 1862 vltils
770 1801 812 1861 ln
836 1801 1007 1863 deterius
1028 1800 1197 1863 mutetis.

271 2026 299 2086 Δ
324 2025 492 2087 codicibus
522 2026 551 2085 V
582 2028 616 2086 et
639 2025 667 2086 R
689 2025 789 2101 longo
812 2024 990 2086 intervallo
1014 2024 1143 2085 distent
1165 2024 1239 2085 ΓΒ
1263 2024 1329 2085 alia
1350 2038 1460 2085 exem·

233 2140 344 2215 pieria,
375 2154 460 2214 quae
492 2139 619 2215 passim
651 2139 737 2200 vitia
766 2140 801 2199 in
832 2139 980 2199 deterius
1003 2140 1137 2199 mutata
1160 2137 1283 2199 habent
1306 2154 1326 2198 a
1348 2135 1463 2198 sciolis

233 2269 289 2327 quo
312 2254 425 2314 minus
448 2230 567 2330 peritis
590 2267 629 2313 eo
652 2254 763 2327 magia
787 2251 980 2313 audacibus.
1004 2252 1059 2313 Sic
1081 2252 1167 2313 ldccl.
1193 2253 1258 2314 569
1282 2252 1316 2313 in
1337 2250 1365 2312 R
1387 2250 1461 2311 leve

234 2370 281 2428 eat
302 2368 438 2427 vitium:

491 2477 565 2539 ὥστε
588 2476 621 2539 σέ
644 2499 677 2557 γε
700 2500 752 2556 μοι
776 2482 940 2557 μαρτυρεῖν
964 2476 1032 2554 κτλ,

235 2611 306 2656 nam
328 2611 386 2672 pro
409 2618 443 2677 με
467 2591 680 2654 scribendum
704 2594 777 2653 erat
799 2613 837 2652 τε.
861 2593 898 2653 In
923 2595 952 2651 Γ
970 2592 1074 2654 latius
1096 2593 1219 2668 serpsit
1242 2592 1396 2654 morbus:

492 2704 599 2777 ὅστις
629 2703 668 2786 γέ
692 2728 743 2784 μοι
766 2709 940 2785 μαρτυρεῖν,

235 2825 333 2873 errore
363 2819 562 2894 pervulgato
592 2834 651 2896 pro
680 2842 704 2880 ω
735 2820 859 2895 scripto
890 2841 914 2879 ο.
948 2820 1030 2897 Quid
1057 2822 1171 2881 nutem
1193 2820 1223 2880 is
1246 2820 1300 2881 cui
1323 2818 1461 2881 debetur

234 2938 337 2988 recens
370 2931 544 3007 exemplar
577 2933 765 2995 Parisinum
799 2934 850 2996 B?
884 2934 988 2996 Metro
1018 2932 1197 2996 consulens
1227 2932 1368 3010 scilicet,
1400 2932 1458 2994 sed

233 3044 399 3104 contextus
422 3045 517 3107 nulla
540 3046 655 3108 habita
678 3047 821 3125 ratione,
845 3049 997 3124 scripsit:

491 3160 598 3234 ὅστις
622 3159 669 3222 ἄν
692 3183 743 3238 μοι
767 3171 934 3246 μαρτυρῇ.

272 3270 422 3335 Eiusdem
445 3275 576 3337 fabulae
600 3292 649 3339 vs.
676 3278 740 3338 615
764 3277 800 3338 in
823 3277 852 3338 R
875 3279 971 3339 extat
993 3277 1139 3352 integer:

491 3388 528 3450 οὐ
551 3396 662 3462 πάντες
685 3389 769 3449 ἴασιν
790 3388 795 3468 Ι
817 3389 866 3450 tel
889 3388 945 3468 τὴν
968 3388 1157 3470 ὡραιοτάτην
1171 3437 1177 3449 .
1191 3436 1197 3448 .
1211 3412 1234 3464 .;

274 3498 457 3562 Absurdum
481 3506 594 3564 antem
618 3505 671 3564 est
695 3504 780 3578 quod
804 3504 906 3566 habet
928 3505 969 3564 i':

489 3615 634 3688 πάντες
665 3615 804 3676 ἴσασιν
823 3615 830 3696 Ι
850 3615 899 3676 trel
922 3615 978 3694 τὴν
1003 3614 1049 3700 da,

238 3726 267 3782 at
285 3726 385 3788 multo
409 3728 586 3791 absurdius
609 3732 694 3805 quod
718 3732 762 3793 B:

489 3842 634 3915 πάντες
664 3843 734 3924 γὰρ
759 3843 896 3903 ἴσασιν
916 3840 921 3920 Ι
944 3841 1002 3904 ὅτι
1030 3864 1107 3903 που
1132 3840 1181 3903 ἓτελ
1204 3841 1259 3920 τὴν
1283 3841 1316 3903 o‘r.

275 3951 359 4013 'lalia
387 3956 560 4018 cumulare
590 3958 673 4018 nihil
697 3959 838 4032 attinet;
863 3957 1034 4018 sufficiunt
1058 3957 1148 4017 enim
1172 3957 1254 4018 haec
1278 3959 1319 4018 ad
1342 3973 1457 4033 agnos·

240 4065 360 4126 andam
396 4069 619 4131 recentiorum
654 4071 838 4132 stultitiam
879 4079 913 4132 et
943 4071 1183 4131 temeritatem.
1215 4071 1244 4131 A
1274 4071 1459 4132 cuiusmodi

240 4173 299 4237 labe
327 4179 496 4243 immunes
525 4183 595 4245 iere
624 4187 705 4245 sunt
734 4185 762 4244 V
793 4186 827 4244 et
856 4184 895 4245 R.
924 4182 997 4245 Non
1029 4187 1145 4244 tamen
1169 4183 1266 4258 plane
1288 4185 1458 4246 immunes

240 4286 304 4349 licet
330 4293 451 4371 dicere,
476 4311 555 4357 nam
579 4297 689 4373 prims
711 4299 873 4373 quaedam
902 4297 984 4357 mali
1007 4296 1285 4372 perniciosissimi
1308 4298 1459 4376 germina

174 4442 175 4445 =
243 4405 269 4461 et
293 4422 387 4483 supra
408 4410 443 4471 in
467 4411 509 4472 iis
533 4411 816 4487 deprehendimus
842 4412 1016 4487 complura
1039 4413 1073 4472 et
1095 4410 1162 4471 alia
1185 4414 1325 4485 possunt
1347 4412 1458 4487 depre-

243 4514 332 4581 hendi.
353 4524 486 4599 Insigne
510 4525 705 4601 exemplum
729 4527 825 4586 extat
848 4526 931 4587 Ach.
956 4521 1040 4586 347:

489 4643 611 4725 ἐμέλλετ’
639 4646 698 4727 ἄρα
721 4649 868 4721 πάντες
901 4646 1109 4709 ἀνασείειν
1140 4626 1247 4728 βοῆς.

174 4760 175 4763 ’
279 4760 334 4823 liac
354 4767 490 4839 periisse
513 4766 744 4828 Ravennatem
769 4769 963 4841 ceterosque
987 4767 1119 4828 codices
1137 4767 1328 4843 hodiernos,
1351 4781 1456 4828 unum

246 4876 337 4936 autem
355 4894 529 4956 superesse
549 4880 757 4942 Ravennatis
776 4880 909 4954 aliquod
931 4881 1174 4957 apographum,
1195 4881 1229 4942 in
1250 4897 1314 4957 quo
1327 4886 1460 4962 recepta
