4067 5950
535 803 604 864 ’118
1058 819 1099 864 oa
1123 818 1248 864 rorrsu

538 988 685 1051 tabulam
714 988 984 1065 semiperfectum
1007 989 1199 1066 seponendi,
1224 991 1262 1050 ut
1283 989 1395 1051 minus
1419 990 1487 1051 iam
1511 992 1635 1066 aptam.
1658 988 1773 1048 Retio·

539 1118 615 1164 nem
645 1106 761 1164 tamen
789 1102 887 1164 buius
917 1102 1043 1164 funeris
1074 1101 1188 1164 haberi
1218 1116 1353 1164 necesse
1377 1104 1457 1165 erat.
1477 1104 1643 1166 Necesse?
1664 1103 1776 1162 immo

539 1216 651 1278 haberi
681 1216 816 1277 licebatl
849 1216 932 1276 Nam
957 1216 1160 1291 praestantis
1182 1217 1234 1276 est
1256 1216 1395 1293 ingenii,
1420 1217 1588 1278 stimulari
1611 1219 1644 1276 et
1665 1213 1776 1276 suble·

539 1331 610 1391 veri
633 1330 731 1391 rebus
754 1328 937 1406 subitariis,
962 1343 1045 1403 quae
1069 1328 1225 1404 vulgares
1247 1329 1399 1392 homines
1421 1329 1622 1406 opprimunt.

583 1443 686 1504 Morte
716 1441 881 1518 Euripidis
911 1444 945 1504 in
975 1442 1157 1504 inferorum
1187 1442 1357 1517 regionem
1388 1444 1541 1505 invectus
1571 1444 1643 1503 erat
1664 1440 1778 1502 incola

539 1556 698 1618 verbosus
717 1558 752 1617 et
770 1570 921 1632 pugnax:
943 1555 1114 1631 Sophoclis
1132 1557 1240 1616 morte
1252 1555 1392 1618 Athenis
1405 1556 1557 1618 sublatus
1569 1559 1622 1616 est
1632 1555 1779 1615 ultimus

538 1671 645 1744 poeta.
669 1668 755 1730 Hinc
779 1670 845 1730 iam
869 1669 980 1730 tabula
1003 1669 1090 1744 cepit
1114 1669 1259 1730 initium.
1286 1703 1326 1714 —
1354 1669 1505 1746 ,Nuliine
1525 1669 1586 1730 viri
1606 1669 1778 1730 Athenis?

539 1782 627 1843 Alibi
661 1783 763 1856 igitur
797 1782 985 1856 quaerenda
1019 1782 1152 1844 salus!’'
1187 1781 1248 1843 His
1282 1781 1393 1843 verbis
1426 1785 1524 1860 poete
1558 1782 1705 1844 comicus
1742 1783 1776 1840 in

539 1895 712 1956 Mulierum
755 1894 904 1956 Divertio
938 1893 1110 1956 Graeciam
1145 1894 1342 1957 servandam
1379 1895 1516 1957 credidit
1549 1896 1694 1958 leminis.
1734 1928 1777 1939 -

542 2009 695 2086 ,Nulline
730 2010 872 2070 Athenis
905 2009 1069 2086 poetae?”
1104 2009 1175 2086 ipse
1209 2011 1277 2070 iam
1312 2011 1435 2072 clamat
1468 2009 1649 2087 Dionysus,
1680 2009 1779 2070 cuius

538 2123 692 2185 ludorum
733 2137 902 2185 summum
946 2124 1047 2184 decus
1088 2126 1167 2184 sunt
1201 2124 1384 2184 certamina
1417 2123 1565 2198 scenica;
1600 2123 1779 2196 additque:

542 2237 649 2319 „Alibi
684 2237 785 2313 igitur
819 2239 950 2313 poetam
982 2237 1174 2313 quaeram”,
1208 2271 1249 2280 —
1280 2237 1404 2299 bonum
1433 2236 1591 2297 nimirum
1622 2237 1776 2311 poetam;

540 2366 619 2413 nem
643 2350 723 2411 mali
746 2349 846 2410 multi
868 2349 959 2410 hiere
983 2364 1115 2424 semper
1137 2352 1171 2411 et
1193 2365 1281 2411 nunc
1304 2353 1382 2411 sunt
1405 2349 1548 2426 plurimi.

585 2465 631 2525 At
663 2464 741 2524 tells
774 2463 874 2524 homo
907 2463 964 2523 ubi
997 2465 1228 2534 quaerendus?
1258 2463 1329 2526 Non
1360 2463 1449 2525 eninr
1480 2465 1577 2523 extra
1605 2463 1776 2523 Athenas!

542 2578 630 2638 Alibi
651 2592 717 2637 non
742 2576 893 2637 habitant
912 2591 1042 2653 musae,
1064 2591 1122 2636 eae
1141 2578 1272 2650 quidem
1293 2592 1409 2638 musae
1429 2591 1511 2650 quae
1523 2575 1667 2650 Dionyso
1681 2592 1780 2637 carae

542 2694 630 2754 sunt.
661 2692 733 2752 Illic
763 2691 793 2751 si
822 2692 921 2767 poeta
951 2691 1112 2767 tragicus,
1144 2692 1200 2767 qui
1228 2693 1359 2768 probari
1388 2693 1506 2769 possit,
1537 2691 1650 2752 nullus
1672 2692 1778 2752 etiam

542 2806 724 2880 comparet,
753 2804 865 2865 nullus
889 2806 1121 2881 estnequam,
1147 2821 1212 2880 qus
1234 2806 1385 2881 splendet
1408 2805 1468 2867 sol.
1491 2805 1576 2881 Ergo
1600 2808 1781 2880 quaeratur

542 2920 597 2980 ubi
627 2934 693 2981 non
715 2919 805 2982 lucet
828 2919 897 2982 sol:
922 2918 1062 2981 adeatur
1083 2934 1222 2995 regnum
1246 2920 1417 2981 Plutonisl
1442 2919 1555 2981 Solent
1577 2920 1666 2981 enim
1691 2920 1783 2981 inter

542 3049 578 3096 se
601 3035 708 3095 visere
731 3034 777 3094 dii
796 3036 830 3095 et
848 3035 933 3094 alter
952 3034 1049 3094 alteri
1067 3034 1207 3095 libenter
1226 3024 1453 3110 obtemperare
1472 3034 1609 3110 petenti,
1629 3035 1658 3094 si
1670 3037 1781 3109 possit

541 3147 622 3209 fieri.
653 3148 749 3208 Petet
772 3164 792 3209 a
814 3148 954 3208 Plutone
978 3149 1164 3224 mortuum,
1188 3163 1285 3221 quem
1309 3150 1342 3207 in
1366 3151 1491 3210 terram
1514 3149 1660 3210 reducat.
1685 3148 1779 3224 Quod

542 3262 670 3337 Orpheo
695 3276 904 3338 concessum,
929 3260 1076 3335 Dionyse
1100 3263 1263 3336 negetur?

583 3366 690 3450 'Quem
710 3390 788 3436 vero
812 3377 1007 3436 mortuum?
1031 3375 1102 3436 Non
1125 3377 1280 3449 estquod
1301 3377 1466 3451 ambiget:
1487 3376 1520 3437 in
1539 3376 1647 3438 lucem
1661 3392 1778 3439 seeum

542 3489 683 3550 abducet
711 3490 912 3565 Euripidem.
944 3488 1045 3549 Cuius
1072 3492 1188 3565 poetae
1211 3492 1245 3549 et
1268 3490 1334 3550 alia
1357 3491 1510 3551 dramate
1532 3491 1720 3551 recordatur
1746 3495 1780 3551 et

542 3600 788 3663 Andromedam
820 3604 937 3664 octavo
961 3602 1080 3663 abhinc
1103 3618 1189 3664 anne
1213 3606 1399 3679 spectatam
1425 3605 1457 3664 et
1481 3618 1585 3679 nuper
1607 3604 1780 3665 relectam.

544 3715 632 3790 Quae
651 3731 750 3789 quam
772 3716 857 3777 belle
875 3719 947 3778 erat
964 3716 1089 3794 tabula,
1111 3732 1209 3791 quam
1230 3715 1395 3777 horrifica!
1417 3717 1578 3779 Dictiouis
1591 3718 1647 3790 qui
1668 3716 1778 3792 splen-

543 3830 611 3904 dor,
632 3844 715 3902 quae
736 3830 829 3905 copia
847 3830 1024 3890 verborum
1045 3832 1224 3891 novorum!
1246 3830 1407 3905 Fingendl
1426 3846 1508 3905 quae
1527 3831 1673 3906 audacia,
1693 3846 1779 3905 quae

542 3942 704 4003 sollertia!
730 3943 902 4017 Euripides
926 3944 1106 4005 reviviscat
1128 3946 1273 4020 oportetl
1299 3943 1384 4003 Huic
1408 3944 1520 4005 nullus
1542 3946 1616 4019 pari

588 4055 795 4130 Quamquam
817 4057 1062 4118 tenebricosum
1082 4058 1164 4118 illud
1183 4060 1246 4119 iter
1265 4073 1371 4132 neque
1391 4071 1569 4119 amoenum
1588 4057 1657 4117 iore
1671 4060 1778 4133 suspi-

543 4171 636 4229 catur
669 4170 835 4243 Dionysus
869 4186 975 4244 neque
1009 4172 1115 4233 facile.
1148 4172 1351 4249 suspicatur,
1382 4187 1461 4232 nam
1491 4185 1557 4232 non
1586 4172 1689 4232 novit.
1714 4172 1777 4232 Sed

543 4297 624 4355 quae
643 4284 788 4360 nescias,
811 4286 990 4346 resciscere
1012 4286 1091 4346 licet
1108 4285 1148 4345 ab
1170 4286 1261 4361 eliis,
1282 4301 1301 4345 a
1319 4284 1540 4346 familiaribus
1551 4284 1778 4359 potissimum.

543 4398 701 4458 Hercules
724 4401 836 4459 sutem
859 4400 961 4459 irater
984 4400 1025 4459 ad
1048 4400 1171 4459 inferos
1195 4400 1275 4461 olim
1299 4400 1382 4459 abiit
1404 4397 1579 4459 Cerberum
1600 4398 1776 4473 petiturus.

543 4509 719 4572 cerberum
762 4512 907 4573 scilicet:
932 4557 938 4572 .
962 4558 998 4573 ..
1041 4513 1208 4593 expeditio
1243 4513 1306 4572 erit
1339 4513 1638 4587 periculosissimal
1673 4510 1779 4572 caute

542 4622 644 4697 igitur
674 4627 856 4699 agendum:
888 4626 1065 4687 Herculem
1099 4642 1173 4686 esse
1198 4642 1233 4687 se
1257 4624 1375 4701 finget3
1400 4626 1449 4687 sic
1472 4628 1623 4687 metuent
1645 4640 1778 4700 omnes,

543 4750 647 4808 neque
679 4737 823 4798 obstabit
854 4740 1028 4813 quisquam
1055 4740 1231 4813 quominus
1255 4741 1288 4799 in
1312 4738 1410 4800 aedes
1433 4740 1584 4801 Plutonis
1606 4740 1780 4815 perveniat

546 4851 731 4912 incolumis.
