4067 5950
549 781 568 840 6
1070 798 1111 843 311
1134 798 1259 844 sorren

589 965 696 1026 Immo
729 965 797 1027 iam
825 968 915 1028 iacta
943 969 1016 1028 3131
1046 966 1137 1028 31331
1169 968 1242 1030 Non
1271 972 1343 1030 erat
1372 971 1474 1032 etlam
1504 973 1667 1036 incertum
1699 977 1777 1051 quid

546 1078 625 1138 anni
655 1079 798 1153 proximi
829 1080 961 1141 allaturi
995 1085 1117 1142 essent.
1153 1082 1277 1142 Aestus
1304 1083 1383 1145 belli
1414 1085 1530 1146 Medici
1563 1088 1592 1146 si
1623 1089 1779 1150 civitates

547 1191 688 1252 Graecas
721 1194 755 1254 ln
789 1210 891 1256 unam
926 1195 1098 1257 nationem
1135 1196 1326 1274 conflasset,
1363 1198 1457 1259 33133
1492 1200 1630 1262 3331333
1665 1206 1779 1263 essent

546 1306 709 1383 Athenae,
740 1307 948 1382 splendidam
979 1312 1104 1371 3311331
1135 1310 1211 1370 huic
1241 1310 1345 1387 genti,
1378 1311 1430 1371 cui
1452 1312 1567 1373 sordes
1590 1316 1779 1376 exussisset

545 1418 633 1492 ignis
664 1419 879 1496 calamitatis,
911 1422 1153 1496 promittebant
1187 1426 1337 1498 tempora
1371 1423 1498 1485 futura:
1531 1459 1572 1469 -
1599 1427 1665 1487 iam
1699 1444 1777 1489 1313

547 1547 612 1592 333
650 1534 736 1592 33113
776 1532 931 1595 valebant
970 1535 1145 1596 hominum
1182 1537 1322 1598 consilia
1357 1539 1512 1610 quamvis
1545 1541 1648 1615 proba
1680 1543 1777 1615 atque

545 1645 734 1721 prudentia,
765 1659 831 1706 non
859 1647 942 1707 satis
968 1648 1100 1708 valebat
1124 1664 1219 1710 amor
1244 1651 1409 1712 fraternus
1438 1651 1558 1713 bellive
1585 1653 1708 1732 horror,
1737 1657 1777 1715 ad

545 1757 783 1834 prohibendum
815 1759 848 1819 id
879 1761 964 1833 quod
998 1759 1069 1822 11311
1098 1762 1231 1823 iubebat
1262 1764 1345 1824 dura
1374 1766 1573 1842 necessitas,
1604 1770 1641 1828 ut
1670 1770 1777 1829 serius

546 1871 637 1931 ocius
668 1874 881 1933 sumerentur
911 1889 1004 1935 31133
1035 1875 1075 1935 ad
1106 1876 1327 1939 dirimendam
1357 1878 1582 1956 simultatem,
1607 1896 1690 1954 quae
1712 1897 1777 1942 non

546 1986 660 2061 posset
683 1986 846 2062 componi.

590 2099 673 2161 Vere
697 2102 862 2176 tragicum
887 2103 947 2162 hoc
975 2103 1090 2163 habuit
1112 2103 1311 2165 Graecorum
1335 2105 1458 2183 iatum,
1484 2108 1569 2181 quod
1593 2109 1626 2168 13
1649 2109 1777 2169 3131313

545 2215 586 2274 113
611 2216 783 2274 verterunt
805 2216 1119 2288 praestantissimae
1142 2218 1265 2278 mentis
1287 2219 1477 2293 ingeniique
1495 2220 1599 2282 dotes.
1619 2222 1778 2296 Flagrans

547 2329 602 2388 ille
623 2327 786 2388 libertatis
806 2343 909 2404 amor,
923 2329 978 2403 qui
990 2329 1154 2390 Leonidae
1167 2333 1314 2391 armatos
1327 2332 1624 2409 Themistoclisque
1637 2335 1780 2410 remiges

545 2441 699 2503 incitavit
733 2440 767 2501 in
803 2441 891 2501 33133
920 2441 1064 2502 Asianas
1095 2457 1155 2503 nec
1185 2443 1274 2504 vinci
1309 2445 1388 2505 sivit
1417 2461 1437 2506 a
1468 2446 1556 2522 regis
1586 2448 1775 2523 mancipiis,

547 2555 713 2629 prohibuit
747 2554 926 2628 quominus
961 2557 1037 2629 post
1074 2570 1252 2617 commune
1292 2558 1475 2633 periculum
1516 2563 1710 2637 superatum
1747 2563 1779 2621 in

545 2684 647 2729 unam
671 2668 841 2728 nationem
866 2667 1143 2743 coniungerentur
1167 2669 1292 2733 Graeci.
1321 2673 1431 2733 Liberi
1455 2689 1529 2735 esse
1552 2673 1722 2750 volebant,
1747 2677 1780 2734 et

547 2783 673 2843 multae
697 2781 852 2842 civitates
875 2780 1020 2842 Graecae
1040 2782 1140 2860 bella,
1166 2800 1305 2859 quorum
1326 2801 1429 2848 unum
1450 2786 1549 2848 linem
1572 2788 1777 2863 propositum

545 2896 608 2956 sihi
640 2895 791 2956 viderent
823 2896 951 2956 cladem
983 2898 1017 2956 et
1046 2902 1202 2976 mortem,
1228 2900 1374 2960 33133133
1404 2903 1437 2960 31
1461 2901 1610 2962 13133133
1633 2901 1780 2962 13131331

544 3010 635 3085 31133
658 3026 759 3085 33331
783 3011 949 3072 libertatis
973 3012 1118 3087 aliquam
1142 3018 1272 3088 partem
1295 3016 1436 3075 missam
1459 3017 1624 3089 iacerent;
1644 3017 1702 3077 sed
1722 3032 1777 3078 eos

545 3126 682 3186 demum
713 3140 789 3185 1313
819 3125 941 3186 1113133
972 3140 1047 3186 3333
1078 3127 1246 3205 homines,
1279 3128 1334 3202 qui
1365 3129 1451 3190 13313
1482 3132 1631 3206 13133313
1662 3132 1778 3189 31333

545 3242 662 3313 333313
679 3239 788 3300 331331
800 3240 928 3316 cedere,
950 3238 1139 3300 absolutam
1152 3242 1241 3302 enim
1252 3242 1417 3316 nullisque
1430 3243 1570 3303 vinculis
1583 3243 1778 3304 adstrictam

544 3353 734 3413 libertatem
759 3353 896 3413 deorum
922 3368 1009 3429 esse,
1036 3368 1102 3414 nou
1121 3355 1330 3429 mortalium,
1352 3356 1384 3415 id
1404 3369 1470 3416 non
1490 3357 1572 3417 satis
1591 3358 1777 3417 senserunt.

544 3468 660 3540 Itaque
691 3468 791 3527 robur
822 3468 902 3528 illud
935 3471 1107 3545 vegetum,
1137 3484 1201 3543 quo
1232 3470 1364 3544 repulsa
1394 3471 1508 3531 Persia
1539 3471 1641 3531 etiam
1664 3473 1777 3544 postea

543 3582 651 3642 133131
679 3581 880 3659 repellenda,
916 3584 1109 3644 absumtum
1141 3586 1193 3645 331
1222 3584 1255 3643 13
1279 3584 1454 3644 3111131313
1479 3586 1512 3644 31
1535 3584 1680 3659 33111313
1705 3599 1775 3644 con·

544 3695 748 3756 tentionibus
772 3696 952 3757 sterilibus.

589 3808 772 3870 Civitatem
804 3811 838 3869 et
867 3809 1022 3885 partium.
1054 3809 1182 3869 Harum
1205 3811 1412 3885 praesertim.
1438 3810 1523 3871 Nam
1547 3810 1633 3883 quod
1656 3810 1778 3871 frustra

544 3924 632 3983 vires
667 3922 880 3982 intenderunt
913 3922 1138 3985 Athenienses
1172 3926 1209 3983 ut
1243 3924 1343 3997 primi
1372 3923 1490 3985 fierent
1520 3924 1607 3984 inter
1637 3924 1777 3986 Graecos

544 4038 735 4109 ceteraeque
766 4036 919 4097 civitates
949 4035 1014 4096 sibi
1044 4036 1233 4098 subicerent
1263 4038 1415 4113 cunctas,
1446 4051 1511 4097 non
1541 4037 1643 4097 durus
1677 4037 1776 4112 aliqui

544 4152 624 4212 iecit
655 4165 751 4211 casus
783 4153 841 4210 331
872 4151 978 4211 hostis
1010 4153 1183 4226 externus,
1216 4151 1273 4211 sed
1304 4151 1451 4225 ipsorum
1480 4152 1562 4212 haec
1585 4151 1649 4213 1311
1671 4152 1775 4228 33133.

545 4264 590 4324 111
625 4265 698 4338 1333
733 4263 884 4340 Graecia,
921 4264 968 4325 sic
1009 4267 1043 4324 et
1078 4263 1228 4337 singulae
1263 4263 1416 4325 civitates
1451 4264 1594 4325 Graecae
1624 4265 1775 4325 bifariam

544 4378 596 4438 131
633 4380 735 4440 311331
769 4380 804 4439 13
839 4378 951 4453 313133
993 4382 1107 4453 331133
1153 4380 1247 4438 31331
1284 4377 1420 4439 divisae.
1458 4379 1582 4439 Priscis
1616 4381 1774 4454 recentia,

544 4492 697 4567 agricolis
728 4495 934 4553 mercatores
965 4492 998 4552 et
1028 4490 1174 4568 opifices,
1206 4491 1371 4552 nobilibus
1401 4493 1556 4553 homines
1587 4494 1666 4553 3311
1700 4509 1775 4555 3313

543 4604 621 4665 alibi
653 4607 779 4682 passim
812 4608 907 4668 erant
938 4605 1080 4681 oppositi
1102 4608 1175 4666 tum
1198 4620 1279 4666 vero
1303 4605 1337 4665 in
1360 4606 1617 4667 Atheniensium
1642 4608 1777 4667 civitate

542 4723 694 4795 strenua,
727 4720 806 4780 duni
845 4720 933 4780 13313
973 4719 1179 4779 incremento
1215 4719 1322 4780 maior
1360 4720 1394 4780 iu
1433 4720 1503 4780 dies
1543 4717 1644 4780 fiebat
1679 4723 1778 4794 atque

545 4832 741 4909 opulentior.
