4067 5950
534 779 576 840 42
786 859 789 866 .
1052 797 1093 841 nu
1117 796 1243 842 roman

534 966 573 1026 de
596 965 668 1041 ipso
689 966 777 1027 inter
800 967 891 1028 cives
915 967 1084 1029 dicebatur
1106 967 1141 1027 in
1160 967 1257 1027 laude
1277 966 1340 1026 sibi
1359 967 1482 1042 posuit,
1505 967 1614 1028 verbis
1631 967 1767 1028 festivis

534 1092 617 1138 usus
644 1081 677 1137 et
706 1081 778 1138 tam
807 1079 986 1141 immodice
1013 1081 1176 1156 gloriatus
1199 1082 1236 1139 ut
1259 1080 1347 1140 serio
1370 1079 1460 1140 dicta
1482 1080 1549 1141 ista
1570 1095 1682 1155 nemo,
1708 1081 1768 1154 qui

534 1191 667 1263 quidem
688 1206 791 1252 sanae
815 1195 904 1256 esset
927 1193 1062 1269 mentis,
1087 1193 1123 1254 in
1146 1192 1296 1253 animum
1320 1192 1382 1253 sihi
1405 1195 1519 1268 posset
1542 1193 1708 1254 iuducere.

578 1304 766 1379 Peregrinis
808 1308 920 1367 autem
961 1305 1124 1367 licebatue
1165 1303 1297 1366 fabulas
1336 1305 1452 1366 docere
1493 1305 1636 1367 Athonis
1676 1305 1767 1366 ludis

532 1417 698 1492 publicis?

578 1529 650 1591 Non
682 1530 818 1592 licuisse
853 1546 917 1592 non
951 1533 1093 1592 constat.
1128 1531 1166 1590 In
1202 1529 1310 1593 choros
1343 1530 1476 1604 quidem
1509 1531 1643 1592 nonnisi
1674 1531 1767 1592 cives

534 1644 669 1704 admitti
701 1643 758 1703 lex
789 1644 888 1705 claris
919 1645 1032 1706 verbis
1065 1642 1199 1706 iubebat
1215 1638 1254 1722 ¹);
1285 1658 1391 1719 neque
1424 1659 1523 1705 causa
1555 1644 1651 1721 latet,
1684 1659 1764 1704 uam

533 1756 643 1817 cultus
666 1757 804 1817 deorum
828 1773 906 1832 pars
929 1760 1026 1818 erant
1049 1757 1234 1818 certamina
1256 1757 1387 1820 musica
1409 1758 1442 1817 et
1466 1757 1612 1833 scenica,
1634 1773 1654 1819 a
1676 1771 1766 1832 pere·

534 1870 637 1944 grinie
667 1873 780 1931 autem
813 1885 909 1930 sacra
939 1869 1071 1947 publica
1101 1871 1165 1932 rite
1195 1872 1308 1947 peragi
1339 1872 1394 1944 qui
1424 1872 1629 1946 potuissent!
1661 1871 1768 1946 Igitur

535 1983 638 2044 etiam
668 1983 831 2044 histriones
855 1984 945 2044 cives
969 1984 1075 2044 fuisse
1097 1982 1163 2045 tert
1186 1984 1282 2046 ratio.
1307 1984 1370 2044 Sed
1393 1984 1528 2060 chorepi,
1553 1985 1609 2058 qui
1631 1986 1767 2044 sumtus

533 2096 713 2172 iaciebant,
746 2097 850 2157 etiam
881 2115 899 2158 e
930 2098 1092 2158 metoecis
1122 2096 1296 2158 ditioribus
1326 2099 1509 2158 recentiore
1539 2100 1628 2158 certe
1657 2098 1767 2158 aetate

533 2207 667 2271 dehent.
691 2210 807 2283 Itaque
829 2209 960 2271 fabulas
984 2223 1129 2286 quoque,
1153 2226 1238 2284 quae
1260 2225 1280 2271 a
1297 2211 1396 2286 poetic
1417 2211 1601 2286 peregrinis
1622 2211 1768 2285 scriptae

534 2326 662 2398 essent,
697 2323 732 2382 in
767 2324 955 2384 certamina
988 2324 1120 2384 scenica
1150 2325 1285 2384 admitti
1320 2325 1469 2400 potuisse
1499 2339 1565 2385 uon
1596 2327 1649 2385 est
1678 2322 1766 2398 quod

534 2435 718 2512 praefracte
752 2439 901 2511 negetur.
934 2436 1138 2511 Tragoedias
1168 2440 1257 2498 certe
1287 2437 1467 2498 nonnullae
1496 2440 1670 2512 poetarum
1700 2451 1766 2495 non

535 2549 790 2610 Atheniensium
821 2550 963 2612 Athenis
992 2553 1073 2611 sunt
1099 2553 1193 2611 actae
1216 2551 1305 2611 ludis
1327 2550 1482 2628 publicis,
1506 2553 1540 2611 et
1562 2550 1767 2611 comicorum

535 2663 756 2724 recentiorum
790 2664 977 2740 complures
1008 2680 1143 2740 peregre
1170 2663 1321 2725 Athenas
1343 2670 1523 2726 venerunt:
1543 2665 1766 2739 Antiphanes,

534 2778 723 2854 Philemon,
754 2776 916 2852 Diphilus.
947 2778 1071 2852 Ecquid
1097 2779 1150 2838 ius
1174 2779 1322 2839 civitatis
1345 2779 1398 2838 hie
1422 2782 1474 2839 est
1498 2779 1611 2839 datum
1627 2772 1662 2861 ²),
1684 2779 1766 2838 item

534 2890 689 2951 Pratinae
719 2889 866 2952 Phliasia
896 2889 1099 2952 et·(iarciuo
1130 2891 1348 2966 Agrigentino
1379 2893 1489 2966 poetis
1517 2893 1665 2968 tragicis,
1695 2890 1769 2952 Ioni

535 3008 648 3065 autem
680 3003 760 3066 Ohio
790 3006 843 3066 vei
874 3004 1033 3080 Dionysio
1064 3009 1207 3080 tyranno
1238 3006 1448 3080 Syracusano
1476 3022 1535 3081 per
1556 3005 1767 3082 privilegium

536 3132 732 3178 concessum
753 3120 807 3179 est
826 3121 864 3178 ut
882 3118 1014 3179 fabulas
1036 3134 1116 3179 suas
1133 3133 1253 3179 scenae
1277 3120 1474 3180 Atheniensi
1497 3118 1769 3180 committerent?

536 3231 600 3291 Sed
631 3232 679 3291 ita
709 3232 740 3291 ei
768 3233 965 3307 statuimus,
989 3232 1130 3305 quidde
1154 3231 1432 3308 dithyromhorum
1455 3233 1564 3307 poetis
1586 3231 1769 3307 peregrinis

538 3344 675 3405 minime
698 3345 795 3421 raris,
821 3347 877 3419 qui
898 3346 1041 3406 Athenis
1064 3347 1260 3406 certarunt?

581 3457 713 3518 Dixeris
744 3459 844 3534 igitur
876 3459 1016 3521 liberum
1049 3461 1152 3520 etiam
1182 3459 1290 3534 poetis
1316 3460 1499 3536 peregrinis
1522 3459 1563 3519 ad
1586 3458 1769 3519 certamina

537 3573 669 3649 publica
699 3574 801 3634 fuisse
825 3574 968 3649 aditum,
1002 3590 1042 3634 ea
1065 3576 1178 3635 tamen
1203 3573 1275 3648 lege
1297 3576 1335 3633 ut
1357 3574 1513 3634 docerent
1535 3573 1667 3647 quidem
1690 3586 1769 3631 suas

537 3686 667 3746 fabulas
700 3686 753 3746 vel
784 3688 948 3763 carmina,
981 3688 1041 3747 sed
1072 3702 1138 3747 non
1168 3687 1232 3762 ipsi
1262 3686 1297 3747 iu
1327 3701 1364 3747 se
1387 3687 1574 3761 reciperent
1597 3684 1769 3745 histrionis

538 3957 565 4004 in
589 3958 790 4017 Aristophanem
814 3970 873 4005 esse
896 3958 1008 4017 scriptos
1031 3957 1183 4017 suspicatus
1206 3959 1248 4004 est
1268 3953 1402 4011 lleineke3
1426 3966 1505 4013 quum
1523 3953 1673 4013 opinionem
1689 3952 1769 3999 uddu-

538 4038 631 4085 bitnrit
647 4035 781 4095 Zielinski,
798 4037 962 4084 confidenter
977 4039 1070 4084 reiecit
1084 4037 1185 4091 Kuibei,
1199 4038 1353 4096 peregrinos
1367 4038 1459 4094 peetus
1471 4047 1523 4080 non
1537 4032 1638 4080 mices
1655 4034 1771 4091 cogitans

537 4113 622 4175 ipsius
648 4116 783 4175 Eupolidis
808 4116 937 4177 aemulos,
962 4116 1009 4162 sed
1034 4114 1128 4176 priscos
1160 4114 1249 4176 lyricos
1279 4114 1445 4161 Semonidem
1473 4115 1500 4159 ei
1525 4112 1677 4159 Pindarum.
1704 4108 1770 4157 Huic

539 4209 662 4243 assensus
684 4200 725 4242 eet
748 4197 844 4242 Rdmer
867 4195 988 4255 (Studien
1010 4195 1024 4240 I
1046 4208 1072 4254 p.
1097 4191 1165 4255 188).
1189 4196 1222 4240 At
1246 4206 1324 4251 quarn
1348 4206 1424 4240 casca
1442 4195 1518 4239 erent
1533 4188 1589 4247 illu,
1606 4188 1667 4249 quis
1683 4192 1770 4236 sutem

539 4282 596 4325 erut
617 4277 764 4336 poetaiiie
787 4277 899 4331 Atticus,
920 4277 966 4333 qui
983 4273 1106 4321 Pindaris
1123 4274 1318 4334 opponeretur?
1336 4271 1403 4319 itini
1419 4271 1543 4319 Ieiueicii
1559 4272 1605 4317 iiia
1623 4272 1772 4316 coniectura

539 4370 590 4403 nou
608 4358 680 4401 certa
698 4352 805 4413 quidem
822 4351 937 4412 ridetur,
954 4378 984 4388 -
1003 4351 1157 4411 ignoramus
1174 4349 1243 4398 enim
1262 4354 1423 4409 contextum,
1441 4378 1469 4385 -
1490 4350 1536 4397 sed
1555 4363 1617 4396 vero
1632 4348 1771 4396 admodum

540 4432 646 4482 similis.
1123 4473 1127 4478 .

575 4510 594 4576 ι)
611 4514 701 4572 μηδένα
719 4517 826 4577 lupadus
841 4510 907 4565 tione
925 4513 1004 4567 (Piut.
1022 4512 1146 4558 Phocion.
1165 4510 1249 4566 '15503
1268 4508 1603 4567 of.Demosth.Xil1§5ti
1621 4504 1771 4567 [Andocid.]

540 4594 575 4639 iv
591 4594 604 4651 5
621 4593 672 4649 lot.
685 4592 852 4651 Quapropter
867 4592 937 4637 cives
951 4591 1005 4643 τοὺς
1019 4592 1042 4634 tr
1056 4597 1137 4651 χοροῖς
1150 4588 1281 4652 τραφέντας
1295 4587 1482 4647 Aristophanes
1497 4584 1608 4647 opponit
1620 4582 1772 4632 homiuibus

541 4671 686 4731 peregrinis
705 4671 769 4717 Bau.
787 4671 843 4717 iia.

574 4747 596 4809 ¹)
615 4751 653 4795 De
677 4747 826 4807 Antiphane
849 4752 920 4795 certe
942 4747 1069 4794 traditum
1092 4745 1118 4792 id
1143 4746 1295 4805 accepimus
1315 4746 1358 4802 [oi.
1379 4742 1450 4791 inira
1473 4746 1499 4791 in
1523 4743 1643 4804 Append.
1660 4742 1696 4798 11,
1714 4743 1772 4804 Πιρὶ

545 4828 676 4891 Κωμῳδίας
693 4828 706 4884 5
726 4830 757 4873 14
775 4829 835 4888 ιφ).
