4067 5950
549 763 612 823 106
1067 781 1109 826 nu
1132 780 1258 827 ronrnn

592 953 838 1016 Felicissimum
876 955 941 1016 init
979 954 1059 1016 illud
1097 955 1274 1016 inventurn
1313 957 1346 1016 11
1385 955 1549 1031 Euripidis
1583 956 1777 1018 consobrino

548 1067 770 1143 aptissimum.
810 1069 895 1130 Nam
934 1069 1019 1129 facie
1058 1069 1188 1146 glabra,
1229 1069 1315 1130 unde
1350 1071 1487 1131 cunctos
1520 1069 1607 1146 pilos
1641 1071 1778 1132 abstulit

547 1182 722 1256 novacula,
755 1185 905 1245 1111111
928 1185 1049 1246 decora
1072 1199 1116 1245 ex
1138 1184 1325 1259 Agathonls
1349 1184 1493 1246 armario
1517 1186 1665 1262 accepta,
1688 1185 1779 1246 Iovis

547 1295 708 1357 1111111111
731 1297 819 1358 haud
842 1297 944 1358 nimis
967 1300 1020 1359 est
1042 1297 1218 1359 absimilis.

593 1411 708 1485 Itaque
742 1426 866 1472 noram
902 1410 1064 1473 Helenam
1101 1426 1205 1487 agens
1235 1410 1337 1474 verba
1368 1413 1475 1474 iacere
1505 1413 1622 1488 incipit
1652 1413 1691 1473 de
1713 1413 1779 1472 Nili

547 1525 684 1587 flumine
715 1525 915 1587 intemerato
946 1525 1050 1599 deque
1081 1526 1201 1600 Sparta
1223 1525 1331 1601 patria
1354 1527 1388 1586 11
1410 1526 1449 1588 de
1473 1526 1620 1587 Menelao
1643 1527 1778 1601 marito,

547 1638 604 1711 qui
636 1652 733 1699 caeco
764 1653 875 1699 errore
905 1639 1100 1714 implicatus
1123 1673 1162 1682 -—
1189 1639 1238 1700 sic
1261 1639 1294 1699 di
1318 1638 1469 1700 voluere!
1496 1671 1535 1684 -
1561 1655 1638 1700 cnm
1662 1641 1780 1700 ceteris

548 1753 755 1813 Achivorum
786 1752 919 1827 regibus
943 1753 1062 1814 Troiae
1084 1754 1219 1814 moenia
1241 1752 1328 1814 bello
1353 1755 1461 1814 tentet
1485 1751 1629 1830 infinito,
1654 1757 1692 1814 ut
1713 1755 1780 1814 ina·

548 1881 626 1927 nem
658 1865 784 1927 scilicet
813 1867 979 1940 quandam
1011 1866 1128 1927 uxoris
1150 1882 1230 1928 suae
1258 1867 1405 1942 speciem
1427 1869 1598 1942 recuperet
1622 1882 1642 1927 1
1665 1868 1779 1928 Paride

548 1980 628 2040 illuc
651 1979 839 2040 abductam.
860 1979 969 2038 -En
993 1982 1106 2040 autem
1130 1981 1237 2055 prodit
1257 1981 1327 2056 ipse
1351 1980 1536 2042 Menelaus!
1563 1979 1623 2057 Qui
1645 1980 1778 2042 obviam

549 2094 579 2154 11
602 2093 654 2154 fit:
679 2096 814 2168 stupore
838 2093 936 2154 ambo
959 2094 1118 2169 coniuges
1140 2094 1283 2169 perculsi
1307 2096 1341 2155 11
1361 2093 1463 2155 veluti
1486 2093 1620 2156 attoniti
1638 2095 1726 2156 inter
1745 2109 1780 2154 se

550 2208 732 2283 intuentur,
756 2222 837 2268 mox
861 2206 916 2268 ubi
939 2207 1028 2268 11111
1051 2207 1177 2283 agnitio
1200 2208 1413 2284 amplexibus
1436 2209 1584 2270 haerent.

708 2355 748 2366 —
776 2321 822 2396 ,Ο
846 2321 941 2383 dulce
965 2323 1065 2398 caput
1090 2323 1220 2383 uxorisi
1246 2322 1271 2383 O
1295 2323 1448 2398 Spartam
1473 2323 1588 2384 renil”

708 2471 747 2480 -
776 2437 1017 2512 ,Properemus
1041 2435 1119 2496 illuc
1142 2451 1206 2509 quo
1229 2439 1352 2497 vocant
1375 2450 1436 2496 nos
1460 2436 1635 2497 caelitesl”

595 2551 640 2610 At
674 2565 758 2628 ,quo
788 2564 885 2610 ruere
917 2548 1066 2609 vultis?”
1097 2548 1222 2611 clamat
1251 2563 1349 2626 anus,
1382 2565 1465 2623 quae
1496 2551 1610 2611 custos
1636 2551 1780 2612 assidet:

553 2665 656 2742 ,Quid
686 2664 747 2725 tibi
776 2664 865 2725 hunc
895 2661 1049 2724 abductio
1079 2663 1176 2723 est?”
1203 2695 1242 2706 -
1268 2663 1351 2723 Ecce
1382 2665 1496 2724 autern
1527 2665 1672 2725 accurrit
1703 2681 1780 2726 cum

550 2779 666 2840 lictore
690 2779 921 2854 magistratus.
1529 2838 1533 2857 ,

597 2893 650 2953 Sic
685 2907 763 2954 vere
805 2892 933 2966 tragica
970 2906 1082 2952 rerum
1124 2892 1342 2952 conversione
1381 2905 1516 2952 summa
1550 2891 1681 2953 laetitia
1715 2893 1787 2952 abit

550 3010 584 3070 in
606 3009 737 3070 luctum
762 3008 969 3068 aterrimum.
1000 3006 1169 3067 Menelaus
1191 3007 1262 3068 sive
1286 2996 1458 3082 Euripides
1480 3021 1616 3082 propere
1640 3006 1784 3082 aufugit,

551 3122 679 3183 Helena
720 3124 833 3182 autem
876 3121 1038 3195 sacrilega
1071 3121 1164 3181 iussu
1199 3123 1338 3181 senatus
1373 3121 1444 3182 1111
1478 3121 1646 3197 alligatur.
1683 3120 1785 3180 Veste

550 3235 664 3297 1111111
695 3236 823 3312 induta,
856 3249 998 3309 quacum
1028 3234 1063 3294 in
1094 3235 1230 3295 dearum
1254 3235 1471 3297 sanctissimo
1494 3233 1634 3296 delubro·
1653 3237 1787 3310 reperta

551 3352 617 3426 est,
644 3351 722 3410 ante
745 3349 908 3424 templum
932 3347 966 3408 in
989 3348 1045 3408 111
1067 3347 1198 3422 publica
1222 3347 1448 3424 collocabitur,
1481 3362 1563 3422 quae
1587 3349 1786 3409 tristissimo

551 3463 705 3538 exemplo
729 3463 981 3538 praetereuntes
1000 3463 1116 3523 doceat
1135 3462 1277 3523 Athenis
1297 3462 1348 3536 pie
1370 3462 1471 3522 etiam
1491 3462 1667 3538 colidens,
1688 3462 1785 3523 sacri·

551 3576 635 3651 legis
666 3578 785 3637 mortis
818 3574 863 3635 ibi
896 3578 989 3635 stare
1024 3575 1236 3651 supplicium.
1268 3575 1381 3635 Lictor
1416 3577 1567 3635 armatus
1598 3576 1784 3636 custodiam

551 3695 641 3768 aget,
668 3725 707 3734 -
732 3691 827 3751 utin
852 3689 1026 3765 Sophoclis
1050 3691 1218 3766 Antigona
1237 3691 1362 3752 milites
1382 3691 1467 3765 apud
1488 3706 1606 3765 corpus
1618 3690 1785 3765 Polynicis

551 3807 780 3881 inhumatum,
806 3838 848 3848 —
880 3803 983 3864 donec
1017 3804 1116 3864 homo
1150 3805 1322 3880 improbus
1357 3804 1416 3865 siti
1452 3807 1486 3865 et
1521 3804 1630 3865 inedia
1663 3805 1786 3866 misere

552 3919 698 3994 perierit.
724 3918 874 3978 Similem
898 3898 1040 3993 poenam
1066 3921 1143 3979 ante
1166 3934 1270 3979 annos
1290 3920 1503 3995 septuaginta
1520 3919 1699 3993 Artayctes
1718 3920 1785 3980 dux

551 4033 715 4094 barbarus
745 4034 808 4093 luit
834 4033 1014 4094 obianum
1040 4033 1214 4093 Protesilai
1237 4034 1416 4110 violatum,
1441 4033 1588 4094 similem
1612 4034 1683 4093 Iovi
1707 4034 1786 4094 olim

554 4147 645 4209 dedit
667 4146 900 4207 Prometheus.

599 4263 661 4323 Sed
697 4275 738 4321 ne
773 4275 860 4320 nunc
894 4260 1028 4333 quidem
1064 4260 1214 4321 animum
1247 4261 1431 4336 despondet
1461 4261 1504 4337 is,
1536 4261 1589 4321 cui
1616 4263 1786 4321 tantorum

553 4375 719 4436 malorum
751 4389 852 4436 causa
883 4375 995 4436 extitit
1025 4377 1123 4450 poeta
1153 4375 1368 4449 propinquus.
1400 4375 1463 4435 Hic
1493 4375 1582 4435 enim
1612 4377 1685 4435 tum
1711 4390 1787 4435 cum

553 4490 669 4564 pedem
701 4488 903 4551 retractabat
932 4489 966 4548 in
999 4503 1114 4549 aurem
1146 4489 1175 4549 ei
1205 4488 1441 4565 insusurravit,
1473 4488 1561 4548 aliud
1588 4490 1787 4562 quantocius

554 4618 602 4662 se*
621 4602 795 4663 consilium
827 4602 1104 4677 excogitaturum.
1136 4601 1219 4663 Ecce
1243 4617 1323 4662 vero
1346 4602 1430 4662 redit
1453 4601 1522 4678 1111,
1547 4616 1652 4663 novas
1675 4604 1788 4677 partes

553 4731 670 4789 agens.
690 4716 831 4777 Perseus
851 4719 903 4775 est
922 4731 1021 4790 nunc,
1044 4716 1133 4777 Iovis
1151 4717 1186 4776 et
1201 4715 1333 4775 Danaae
1353 4714 1441 4775 illius
1458 4716 1712 4792 magnanimus,
1732 4716 1787 4789 qui

553 4829 715 4890 talaribus
740 4832 856 4889 vectus
879 4829 977 4890 111111
1000 4829 1158 4891 facinora
1172 4829 1260 4890 aliud
1285 4844 1326 4889 ex
1350 4828 1414 4890 alio
1437 4829 1616 4905 perpetrat,
1641 4829 1788 4905 pericula
