<?xml version="1.0" encoding="UTF-8"?>
<!DOCTYPE html PUBLIC "-//W3C//DTD XHTML 1.0 Transitional//EN"
    "http://www.w3.org/TR/xhtml1/DTD/xhtml1-transitional.dtd">
<html xmlns="http://www.w3.org/1999/xhtml" xml:lang="en" lang="en">
 <head>
  <title>
</title>
<meta http-equiv="Content-Type" content="text/html;charset=utf-8" />
  <meta name='ocr-system' content='tesseract 3.04.00' />
  <meta name='ocr-capabilities' content='ocr_page ocr_carea ocr_par ocr_line ocrx_word'/>
</head>
<body>
  <div class='ocr_page' id='page_1' title='image "./prolegomenaadar01unkngoog/prolegomenaadar01unkngoog_0304.png"; bbox 0 0 4067 5950; ppageno 0'>
   <div class='ocr_carea' id='block_1_1' title="bbox 595 813 1387 875">
    <p class='ocr_par' dir='ltr' id='par_1_1' title="bbox 595 813 1387 875">
     <span class='ocr_line' id='line_1_1' title="bbox 595 813 1387 875; baseline 0 -2"><span class='ocrx_word' id='word_1_1' title='bbox 595 813 660 873; x_wconf 83' lang='lat'>292</span> <span class='ocrx_word' id='word_1_2' title='bbox 1037 830 1080 875; x_wconf 86' lang='lat' dir='ltr'>na</span> <span class='ocrx_word' id='word_1_3' title='bbox 1103 826 1212 875; x_wconf 83' lang='lat' dir='ltr'>rrxrd</span> <span class='ocrx_word' id='word_1_4' title='bbox 1235 828 1387 875; x_wconf 75' lang='lat' dir='ltr'>raanrrc.</span> 
     </span>
    </p>
   </div>
   <div class='ocr_carea' id='block_1_2' title="bbox 571 1000 1846 4951">
    <p class='ocr_par' dir='ltr' id='par_1_2' title="bbox 576 1000 1846 4276">
     <span class='ocr_line' id='line_1_2' title="bbox 681 1000 1226 1063; baseline 0 -1"><span class='ocrx_word' id='word_1_5' title='bbox 681 1001 764 1063; x_wconf 72' lang='grc' dir='ltr'><strong><em>Ναὶ).</em></strong></span> <span class='ocrx_word' id='word_1_6' title='bbox 790 1002 853 1063; x_wconf 80' lang='lat'>797</span> <span class='ocrx_word' id='word_1_7' title='bbox 878 1001 914 1061; x_wconf 95' lang='lat' dir='ltr'>in</span> <span class='ocrx_word' id='word_1_8' title='bbox 937 1000 966 1060; x_wconf 84' lang='lat' dir='ltr'>V</span> <span class='ocrx_word' id='word_1_9' title='bbox 989 1002 1024 1062; x_wconf 87' lang='lat' dir='ltr'>at</span> <span class='ocrx_word' id='word_1_10' title='bbox 1047 1002 1081 1061; x_wconf 92' lang='lat' dir='ltr'>in</span> <span class='ocrx_word' id='word_1_11' title='bbox 1104 1000 1133 1062; x_wconf 94' lang='grc' dir='ltr'>Β</span> <span class='ocrx_word' id='word_1_12' title='bbox 1156 1002 1226 1062; x_wconf 85' lang='lat' dir='ltr'>est:</span> 
     </span>
     <span class='ocr_line' id='line_1_3' title="bbox 770 1107 1540 1193; baseline 0.003 -20"><span class='ocrx_word' id='word_1_13' title='bbox 770 1108 831 1174; x_wconf 77' lang='grc' dir='ltr'><strong><em>ἀλλ’</em></strong></span> <span class='ocrx_word' id='word_1_14' title='bbox 857 1112 961 1173; x_wconf 76' lang='grc' dir='ltr'><strong><em>ἔσται</em></strong></span> <span class='ocrx_word' id='word_1_15' title='bbox 984 1136 1051 1190; x_wconf 82' lang='grc' dir='ltr'>μοι</span> <span class='ocrx_word' id='word_1_16' title='bbox 1074 1107 1099 1193; x_wconf 81' lang='grc' dir='ltr'>γ’</span> <span class='ocrx_word' id='word_1_17' title='bbox 1124 1110 1194 1174; x_wconf 68' lang='lat' dir='ltr'>cido</span> <span class='ocrx_word' id='word_1_18' title='bbox 1217 1112 1308 1186; x_wconf 75' lang='grc' dir='ltr'><strong><em>καλός</em></strong></span> <span class='ocrx_word' id='word_1_19' title='bbox 1331 1135 1361 1174; x_wconf 81' lang='grc' dir='ltr'><strong><em>τε</em></strong></span> <span class='ocrx_word' id='word_1_20' title='bbox 1383 1110 1540 1193; x_wconf 74' lang='grc' dir='ltr'><strong><em>κάγαθός,</em></strong></span> 
     </span>
     <span class='ocr_line' id='line_1_4' title="bbox 591 1228 1790 1307; baseline 0.003 -19"><span class='ocrx_word' id='word_1_21' title='bbox 591 1228 647 1289; x_wconf 89' lang='lat' dir='ltr'>ubi</span> <span class='ocrx_word' id='word_1_22' title='bbox 676 1229 711 1290; x_wconf 88' lang='lat' dir='ltr'>et</span> <span class='ocrx_word' id='word_1_23' title='bbox 741 1231 886 1289; x_wconf 84' lang='lat' dir='ltr'>matrum</span> <span class='ocrx_word' id='word_1_24' title='bbox 918 1228 1041 1289; x_wconf 83' lang='lat' dir='ltr'>vitium</span> <span class='ocrx_word' id='word_1_25' title='bbox 1072 1230 1187 1305; x_wconf 87' lang='lat' dir='ltr'>crepat</span> <span class='ocrx_word' id='word_1_26' title='bbox 1216 1231 1250 1290; x_wconf 89' lang='lat' dir='ltr'>ot</span> <span class='ocrx_word' id='word_1_27' title='bbox 1279 1248 1312 1307; x_wconf 78' lang='grc' dir='ltr'><strong><em>γε</em></strong></span> <span class='ocrx_word' id='word_1_28' title='bbox 1342 1228 1505 1303; x_wconf 84' lang='lat' dir='ltr'>particula</span> <span class='ocrx_word' id='word_1_29' title='bbox 1528 1229 1724 1303; x_wconf 85' lang='lat' dir='ltr'><strong>pronominis</strong></span> <span class='ocrx_word' id='word_1_30' title='bbox 1743 1229 1790 1291; x_wconf 88' lang='lat' dir='ltr'>ior·</span> 
     </span>
     <span class='ocr_line' id='line_1_5' title="bbox 589 1336 1846 1421; baseline -0.003 -15"><span class='ocrx_word' id='word_1_31' title='bbox 589 1358 666 1406; x_wconf 89' lang='lat' dir='ltr'>mae</span> <span class='ocrx_word' id='word_1_32' title='bbox 690 1342 862 1405; x_wconf 86' lang='lat' dir='ltr'>encliticae</span> <span class='ocrx_word' id='word_1_33' title='bbox 886 1342 1075 1405; x_wconf 88' lang='lat' dir='ltr'>subiuncta.</span> <span class='ocrx_word' id='word_1_34' title='bbox 1096 1343 1194 1404; x_wconf 84' lang='lat' dir='ltr'>Patet</span> <span class='ocrx_word' id='word_1_35' title='bbox 1218 1357 1334 1404; x_wconf 84' lang='lat' dir='ltr'>verum</span> <span class='ocrx_word' id='word_1_36' title='bbox 1352 1357 1427 1405; x_wconf 87' lang='lat' dir='ltr'>osse</span> <span class='ocrx_word' id='word_1_37' title='bbox 1452 1337 1512 1402; x_wconf 74' lang='grc' dir='ltr'>ἀλλ’</span> <span class='ocrx_word' id='word_1_38' title='bbox 1539 1337 1610 1403; x_wconf 77' lang='grc' dir='ltr'>ἔστ’</span> <span class='ocrx_word' id='word_1_39' title='bbox 1635 1340 1719 1419; x_wconf 75' lang='grc' dir='ltr'><strong><em>ἐμοί</em></strong></span> <span class='ocrx_word' id='word_1_40' title='bbox 1736 1336 1765 1421; x_wconf 81' lang='grc' dir='ltr'>ρ’.</span> <span class='ocrx_word' id='word_1_41' title='bbox 1845 1388 1846 1393; x_wconf 30' lang='lat'>1</span> 
     </span>
     <span class='ocr_line' id='line_1_6' title="bbox 678 1425 1846 1533; baseline -0.002 -17"><span class='ocrx_word' id='word_1_42' title='bbox 678 1457 777 1533; x_wconf 87' lang='lat' dir='ltr'>Vesp.</span> <span class='ocrx_word' id='word_1_43' title='bbox 802 1458 868 1519; x_wconf 86' lang='grc'>890</span> <span class='ocrx_word' id='word_1_44' title='bbox 891 1459 1032 1531; x_wconf 87' lang='lat' dir='ltr'>uterque</span> <span class='ocrx_word' id='word_1_45' title='bbox 1056 1456 1177 1518; x_wconf 84' lang='lat' dir='ltr'>habet:</span> <span class='ocrx_word' id='word_1_46' title='bbox 1845 1425 1846 1469; x_wconf 59' lang='lat'><em>³</em></span> 
     </span>
     <span class='ocr_line' id='line_1_7' title="bbox 766 1566 1152 1651; baseline -0.005 -21"><span class='ocrx_word' id='word_1_47' title='bbox 766 1580 827 1631; x_wconf 82' lang='grc' dir='ltr'><strong><em>τῶν</em></strong></span> <span class='ocrx_word' id='word_1_48' title='bbox 849 1566 1152 1651; x_wconf 79' lang='grc' dir='ltr'><strong><em>γενναιοτέρων.</em></strong></span> 
     </span>
     <span class='ocr_line' id='line_1_8' title="bbox 587 1680 1791 1763; baseline -0.002 -17"><span class='ocrx_word' id='word_1_49' title='bbox 587 1686 711 1747; x_wconf 88' lang='lat' dir='ltr'>Verum</span> <span class='ocrx_word' id='word_1_50' title='bbox 742 1700 816 1747; x_wconf 87' lang='lat' dir='ltr'>asse</span> <span class='ocrx_word' id='word_1_51' title='bbox 847 1692 907 1745; x_wconf 82' lang='grc' dir='ltr'><strong><em>τῶν</em></strong></span> <span class='ocrx_word' id='word_1_52' title='bbox 936 1704 978 1763; x_wconf 74' lang='grc' dir='ltr'><strong><em>με</em></strong></span> <span class='ocrx_word' id='word_1_53' title='bbox 1009 1680 1215 1763; x_wconf 76' lang='grc' dir='ltr'><strong><em>νεωτέρων</em></strong></span> <span class='ocrx_word' id='word_1_54' title='bbox 1247 1698 1323 1745; x_wconf 91' lang='lat' dir='ltr'>cum</span> <span class='ocrx_word' id='word_1_55' title='bbox 1347 1684 1482 1747; x_wconf 87' lang='lat' dir='ltr'>numeri</span> <span class='ocrx_word' id='word_1_56' title='bbox 1505 1685 1714 1747; x_wconf 84' lang='lat' dir='ltr'>docentium</span> <span class='ocrx_word' id='word_1_57' title='bbox 1736 1699 1791 1745; x_wconf 90' lang='lat' dir='ltr'>con·</span> 
     </span>
     <span class='ocr_line' id='line_1_9' title="bbox 587 1780 1846 1861; baseline -0.01 0"><span class='ocrx_word' id='word_1_58' title='bbox 587 1802 714 1861; x_wconf 85' lang='lat' dir='ltr'>textus.</span> <span class='ocrx_word' id='word_1_59' title='bbox 1845 1780 1846 1783; x_wconf 65' lang='grc'>’</span> 
     </span>
     <span class='ocr_line' id='line_1_10' title="bbox 676 1910 1219 1973; baseline -0.004 0"><span class='ocrx_word' id='word_1_60' title='bbox 676 1914 753 1973; x_wconf 83' lang='grc' dir='ltr'><strong><em>Ρεο.</em></strong></span> <span class='ocrx_word' id='word_1_61' title='bbox 777 1912 842 1973; x_wconf 83' lang='grc'>628</span> <span class='ocrx_word' id='word_1_62' title='bbox 865 1911 900 1972; x_wconf 94' lang='lat' dir='ltr'>in</span> <span class='ocrx_word' id='word_1_63' title='bbox 924 1910 953 1970; x_wconf 88' lang='lat' dir='ltr'><strong>V</strong></span> <span class='ocrx_word' id='word_1_64' title='bbox 976 1913 1011 1972; x_wconf 89' lang='lat' dir='ltr'>et</span> <span class='ocrx_word' id='word_1_65' title='bbox 1035 1910 1068 1971; x_wconf 92' lang='lat' dir='ltr'>in</span> <span class='ocrx_word' id='word_1_66' title='bbox 1094 1911 1123 1972; x_wconf 97' lang='grc' dir='ltr'>Β</span> <span class='ocrx_word' id='word_1_67' title='bbox 1147 1914 1219 1972; x_wconf 88' lang='lat' dir='ltr'>ost:</span> 
     </span>
     <span class='ocr_line' id='line_1_11' title="bbox 765 2021 1391 2105; baseline 0.002 -20"><span class='ocrx_word' id='word_1_68' title='bbox 765 2023 818 2085; x_wconf 73' lang='grc' dir='ltr'>καὶ</span> <span class='ocrx_word' id='word_1_69' title='bbox 840 2023 1043 2105; x_wconf 76' lang='grc' dir='ltr'><strong><em>αορώναιόν</em></strong></span> <span class='ocrx_word' id='word_1_70' title='bbox 1066 2021 1100 2105; x_wconf 79' lang='grc' dir='ltr'>γέ</span> <span class='ocrx_word' id='word_1_71' title='bbox 1122 2047 1182 2104; x_wconf 91' lang='grc' dir='ltr'><strong><em>μον</em></strong></span> <span class='ocrx_word' id='word_1_72' title='bbox 1202 2022 1208 2104; x_wconf 87' lang='grc' dir='ltr'>Ι</span> <span class='ocrx_word' id='word_1_73' title='bbox 1229 2022 1391 2103; x_wconf 74' lang='grc' dir='ltr'><strong><em>ἐξέκοψαν.</em></strong></span> 
     </span>
     <span class='ocr_line' id='line_1_12' title="bbox 586 2138 1003 2219; baseline -0.005 -17"><span class='ocrx_word' id='word_1_74' title='bbox 586 2141 709 2203; x_wconf 81' lang='lat' dir='ltr'>Verum</span> <span class='ocrx_word' id='word_1_75' title='bbox 734 2142 788 2203; x_wconf 78' lang='lat' dir='ltr'>est</span> <span class='ocrx_word' id='word_1_76' title='bbox 811 2138 1003 2219; x_wconf 75' lang='grc' dir='ltr'><strong><em>νορώνεαν.</em></strong></span> 
     </span>
     <span class='ocr_line' id='line_1_13' title="bbox 672 2255 1141 2331; baseline -0.002 -15"><span class='ocrx_word' id='word_1_77' title='bbox 672 2256 751 2329; x_wconf 85' lang='lat' dir='ltr'>Lys.</span> <span class='ocrx_word' id='word_1_78' title='bbox 778 2255 863 2316; x_wconf 80' lang='lat'>1153</span> <span class='ocrx_word' id='word_1_79' title='bbox 888 2256 922 2315; x_wconf 91' lang='lat' dir='ltr'>in</span> <span class='ocrx_word' id='word_1_80' title='bbox 947 2255 976 2316; x_wconf 97' lang='grc' dir='ltr'>Β</span> <span class='ocrx_word' id='word_1_81' title='bbox 999 2255 1141 2331; x_wconf 79' lang='lat' dir='ltr'>legitur:</span> 
     </span>
     <span class='ocr_line' id='line_1_14' title="bbox 765 2362 1617 2449; baseline 0.001 -22"><span class='ocrx_word' id='word_1_82' title='bbox 765 2366 898 2439; x_wconf 76' lang='grc' dir='ltr'><strong><em>πολλοὺς</em></strong></span> <span class='ocrx_word' id='word_1_83' title='bbox 922 2362 952 2428; x_wconf 79' lang='lat' dir='ltr'>d’</span> <span class='ocrx_word' id='word_1_84' title='bbox 979 2366 1141 2446; x_wconf 73' lang='grc' dir='ltr'><strong><em>ἑτέρους</em></strong></span> <span class='ocrx_word' id='word_1_85' title='bbox 1166 2367 1409 2441; x_wconf 67' lang='lat' dir='ltr'>incloacari</span> <span class='ocrx_word' id='word_1_86' title='bbox 1432 2369 1617 2449; x_wconf 79' lang='grc' dir='ltr'><strong><em>ξυμμάχους.</em></strong></span> 
     </span>
     <span class='ocr_line' id='line_1_15' title="bbox 583 2478 1648 2563; baseline -0.004 -17"><span class='ocrx_word' id='word_1_87' title='bbox 583 2485 680 2560; x_wconf 87' lang='lat' dir='ltr'>Apud</span> <span class='ocrx_word' id='word_1_88' title='bbox 705 2484 842 2545; x_wconf 78' lang='lat' dir='ltr'>suidam</span> <span class='ocrx_word' id='word_1_89' title='bbox 867 2486 962 2544; x_wconf 86' lang='lat' dir='ltr'>extat</span> <span class='ocrx_word' id='word_1_90' title='bbox 984 2483 1083 2545; x_wconf 85' lang='lat' dir='ltr'>lectio</span> <span class='ocrx_word' id='word_1_91' title='bbox 1107 2484 1254 2545; x_wconf 87' lang='lat' dir='ltr'>sincera:</span> <span class='ocrx_word' id='word_1_92' title='bbox 1279 2480 1465 2563; x_wconf 79' lang='grc' dir='ltr'><strong><em>ἑταίρους</em></strong></span> <span class='ocrx_word' id='word_1_93' title='bbox 1483 2478 1648 2544; x_wconf 78' lang='grc' dir='ltr'><strong><em>Ἱππίου.</em></strong></span> 
     </span>
     <span class='ocr_line' id='line_1_16' title="bbox 673 2597 1362 2659; baseline 0 -2"><span class='ocrx_word' id='word_1_94' title='bbox 673 2598 807 2658; x_wconf 81' lang='lat' dir='ltr'>Thesm.</span> <span class='ocrx_word' id='word_1_95' title='bbox 833 2598 897 2659; x_wconf 81' lang='lat'>947</span> <span class='ocrx_word' id='word_1_96' title='bbox 922 2597 1041 2659; x_wconf 89' lang='lat' dir='ltr'>unicus</span> <span class='ocrx_word' id='word_1_97' title='bbox 1064 2597 1169 2658; x_wconf 86' lang='lat' dir='ltr'>codex</span> <span class='ocrx_word' id='word_1_98' title='bbox 1191 2597 1220 2658; x_wconf 97' lang='grc' dir='ltr'>Β</span> <span class='ocrx_word' id='word_1_99' title='bbox 1243 2597 1362 2659; x_wconf 90' lang='lat' dir='ltr'>habet:</span> 
     </span>
     <span class='ocr_line' id='line_1_17' title="bbox 763 2705 1514 2790; baseline -0.003 -19"><span class='ocrx_word' id='word_1_100' title='bbox 763 2706 818 2789; x_wconf 76' lang='grc' dir='ltr'>ἄγε</span> <span class='ocrx_word' id='word_1_101' title='bbox 841 2718 901 2769; x_wconf 83' lang='grc' dir='ltr'>νῦν</span> <span class='ocrx_word' id='word_1_102' title='bbox 923 2705 1010 2787; x_wconf 77' lang='grc' dir='ltr'><strong><em>ἡμεῖς</em></strong></span> <span class='ocrx_word' id='word_1_103' title='bbox 1033 2706 1213 2788; x_wconf 75' lang='grc' dir='ltr'><strong><em>πέσωμεν</em></strong></span> <span class='ocrx_word' id='word_1_104' title='bbox 1238 2708 1315 2790; x_wconf 69' lang='grc' dir='ltr'><strong><em>ἅπερ</em></strong></span> <span class='ocrx_word' id='word_1_105' title='bbox 1339 2709 1434 2787; x_wconf 83' lang='grc' dir='ltr'><strong><em>νόμος</em></strong></span> <span class='ocrx_word' id='word_1_106' title='bbox 1457 2707 1514 2770; x_wconf 68' lang='lat' dir='ltr'>art.</span> 
     </span>
     <span class='ocr_line' id='line_1_18' title="bbox 583 2822 1452 2899; baseline 0.001 -14"><span class='ocrx_word' id='word_1_107' title='bbox 583 2826 723 2886; x_wconf 89' lang='lat' dir='ltr'>Postam</span> <span class='ocrx_word' id='word_1_108' title='bbox 749 2824 881 2886; x_wconf 80' lang='lat' dir='ltr'>dedisse</span> <span class='ocrx_word' id='word_1_109' title='bbox 904 2822 1111 2899; x_wconf 83' lang='grc' dir='ltr'><strong><em>παίσωμεν</em></strong></span> <span class='ocrx_word' id='word_1_110' title='bbox 1135 2838 1234 2885; x_wconf 88' lang='lat' dir='ltr'>nemo</span> <span class='ocrx_word' id='word_1_111' title='bbox 1258 2839 1325 2884; x_wconf 93' lang='lat' dir='ltr'>non</span> <span class='ocrx_word' id='word_1_112' title='bbox 1350 2824 1452 2886; x_wconf 88' lang='lat' dir='ltr'>videt.</span> 
     </span>
     <span class='ocr_line' id='line_1_19' title="bbox 672 2935 1792 3015; baseline -0.002 -15"><span class='ocrx_word' id='word_1_113' title='bbox 672 2938 846 3002; x_wconf 80' lang='grc' dir='ltr'><strong><em>Εοε1.987</em></strong></span> <span class='ocrx_word' id='word_1_114' title='bbox 878 2937 1011 3000; x_wconf 84' lang='lat' dir='ltr'>iuvenis</span> <span class='ocrx_word' id='word_1_115' title='bbox 1042 2954 1062 3000; x_wconf 90' lang='lat' dir='ltr'><strong>a</strong></span> <span class='ocrx_word' id='word_1_116' title='bbox 1092 2938 1208 3000; x_wconf 87' lang='lat' dir='ltr'>vetula</span> <span class='ocrx_word' id='word_1_117' title='bbox 1239 2940 1410 3015; x_wconf 86' lang='lat' dir='ltr'>correptus</span> <span class='ocrx_word' id='word_1_118' title='bbox 1432 2938 1620 3001; x_wconf 78' lang='lat' dir='ltr'><strong>exclamat:</strong></span> <span class='ocrx_word' id='word_1_119' title='bbox 1651 2938 1741 3000; x_wconf 86' lang='lat' dir='ltr'>Nemo</span> <span class='ocrx_word' id='word_1_120' title='bbox 1760 2935 1792 2998; x_wconf 85' lang='lat' dir='ltr'>ad</span> 
     </span>
     <span class='ocr_line' id='line_1_20' title="bbox 580 3054 974 3129; baseline 0 -16"><span class='ocrx_word' id='word_1_121' title='bbox 580 3054 756 3115; x_wconf 78' lang='lat' dir='ltr'>ludendam</span> <span class='ocrx_word' id='word_1_122' title='bbox 779 3056 810 3113; x_wconf 84' lang='lat' dir='ltr'>ni</span> <span class='ocrx_word' id='word_1_123' title='bbox 834 3054 974 3129; x_wconf 63' lang='lat' dir='ltr'>conitar:</span> 
     </span>
     <span class='ocr_line' id='line_1_21' title="bbox 760 3164 1617 3252; baseline -0.001 -24"><span class='ocrx_word' id='word_1_124' title='bbox 760 3178 800 3251; x_wconf 75' lang='grc' dir='ltr'>τῷ</span> <span class='ocrx_word' id='word_1_125' title='bbox 824 3166 1001 3252; x_wconf 79' lang='grc' dir='ltr'><strong><em>βουλομένῳ</em></strong></span> <span class='ocrx_word' id='word_1_126' title='bbox 1024 3189 1068 3247; x_wconf 81' lang='grc' dir='ltr'><strong><em>γε,</em></strong></span> <span class='ocrx_word' id='word_1_127' title='bbox 1090 3164 1167 3227; x_wconf 77' lang='grc' dir='ltr'><strong><em>κατὰ</em></strong></span> <span class='ocrx_word' id='word_1_128' title='bbox 1190 3164 1243 3227; x_wconf 83' lang='grc' dir='ltr'><strong><em>τὸν</em></strong></span> <span class='ocrx_word' id='word_1_129' title='bbox 1268 3164 1300 3227; x_wconf 79' lang='grc' dir='ltr'><strong><em>ἓν</em></strong></span> <span class='ocrx_word' id='word_1_130' title='bbox 1323 3171 1485 3240; x_wconf 82' lang='grc' dir='ltr'><strong><em>παιεοῖς</em></strong></span> <span class='ocrx_word' id='word_1_131' title='bbox 1509 3167 1617 3246; x_wconf 81' lang='grc' dir='ltr'><strong><em>νόμον,</em></strong></span> 
     </span>
     <span class='ocr_line' id='line_1_22' title="bbox 579 3281 1281 3356; baseline -0.004 -11"><span class='ocrx_word' id='word_1_132' title='bbox 579 3286 609 3345; x_wconf 91' lang='lat' dir='ltr'>si</span> <span class='ocrx_word' id='word_1_133' title='bbox 631 3282 714 3345; x_wconf 90' lang='lat' dir='ltr'>fides</span> <span class='ocrx_word' id='word_1_134' title='bbox 738 3282 842 3344; x_wconf 93' lang='lat' dir='ltr'>codici</span> <span class='ocrx_word' id='word_1_135' title='bbox 865 3283 904 3343; x_wconf 90' lang='lat' dir='ltr'>R.</span> <span class='ocrx_word' id='word_1_136' title='bbox 928 3281 989 3342; x_wconf 81' lang='lat' dir='ltr'>Oui</span> <span class='ocrx_word' id='word_1_137' title='bbox 1012 3283 1184 3356; x_wconf 84' lang='lat' dir='ltr'>retorquet</span> <span class='ocrx_word' id='word_1_138' title='bbox 1206 3282 1281 3343; x_wconf 89' lang='lat' dir='ltr'>illa:</span> 
     </span>
     <span class='ocr_line' id='line_1_23' title="bbox 759 3390 1625 3472; baseline 0 -17"><span class='ocrx_word' id='word_1_139' title='bbox 759 3390 818 3455; x_wconf 77' lang='grc' dir='ltr'>ἀλλ’</span> <span class='ocrx_word' id='word_1_140' title='bbox 846 3392 920 3456; x_wconf 74' lang='grc' dir='ltr'>οὐδὲ</span> <span class='ocrx_word' id='word_1_141' title='bbox 943 3396 1077 3466; x_wconf 80' lang='grc' dir='ltr'><strong><em>δειπνεῖς</em></strong></span> <span class='ocrx_word' id='word_1_142' title='bbox 1101 3393 1178 3454; x_wconf 80' lang='grc' dir='ltr'><strong><em>κατὰ</em></strong></span> <span class='ocrx_word' id='word_1_143' title='bbox 1200 3393 1253 3456; x_wconf 79' lang='grc' dir='ltr'><strong><em>τὸν</em></strong></span> <span class='ocrx_word' id='word_1_144' title='bbox 1277 3393 1310 3456; x_wconf 90' lang='grc' dir='ltr'><strong><em>έν</em></strong></span> <span class='ocrx_word' id='word_1_145' title='bbox 1333 3401 1493 3467; x_wconf 77' lang='grc' dir='ltr'><strong><em>πεττοῖς</em></strong></span> <span class='ocrx_word' id='word_1_146' title='bbox 1517 3395 1625 3472; x_wconf 86' lang='grc' dir='ltr'><strong><em>νόμον.</em></strong></span> 
     </span>
     <span class='ocr_line' id='line_1_24' title="bbox 580 3487 1841 3586; baseline -0.007 -14"><span class='ocrx_word' id='word_1_147' title='bbox 580 3510 617 3572; x_wconf 81' lang='lat' dir='ltr'>Si</span> <span class='ocrx_word' id='word_1_148' title='bbox 637 3527 703 3572; x_wconf 79' lang='lat' dir='ltr'>noa</span> <span class='ocrx_word' id='word_1_149' title='bbox 724 3511 771 3570; x_wconf 83' lang='lat' dir='ltr'>oia</span> <span class='ocrx_word' id='word_1_150' title='bbox 793 3525 919 3585; x_wconf 85' lang='lat' dir='ltr'>amore,</span> <span class='ocrx_word' id='word_1_151' title='bbox 947 3525 1011 3569; x_wconf 82' lang='grc' dir='ltr'>νον</span> <span class='ocrx_word' id='word_1_152' title='bbox 1034 3509 1080 3570; x_wconf 82' lang='lat' dir='ltr'>aia</span> <span class='ocrx_word' id='word_1_153' title='bbox 1103 3509 1200 3572; x_wconf 83' lang='lat' dir='ltr'>edere.</span> <span class='ocrx_word' id='word_1_154' title='bbox 1225 3510 1386 3570; x_wconf 85' lang='lat' dir='ltr'><strong>Miramur</strong></span> <span class='ocrx_word' id='word_1_155' title='bbox 1409 3512 1523 3571; x_wconf 89' lang='lat' dir='ltr'>autom</span> <span class='ocrx_word' id='word_1_156' title='bbox 1546 3509 1642 3572; x_wconf 89' lang='lat' dir='ltr'>illam</span> <span class='ocrx_word' id='word_1_157' title='bbox 1667 3507 1717 3586; x_wconf 75' lang='grc' dir='ltr'><strong><em>,ἐν</em></strong></span> <span class='ocrx_word' id='word_1_158' title='bbox 1735 3528 1790 3566; x_wconf 77' lang='grc' dir='ltr'><strong><em>τοι·</em></strong></span> <span class='ocrx_word' id='word_1_159' title='bbox 1839 3487 1841 3553; x_wconf 64' lang='lat' dir='ltr'>i</span> 
     </span>
     <span class='ocr_line' id='line_1_25' title="bbox 577 3569 1840 3701; baseline -0.006 -17"><span class='ocrx_word' id='word_1_160' title='bbox 577 3625 662 3696; x_wconf 85' lang='grc' dir='ltr'><strong><em>τοῑς”</em></strong></span> <span class='ocrx_word' id='word_1_161' title='bbox 695 3624 818 3699; x_wconf 79' lang='lat' dir='ltr'>legem,</span> <span class='ocrx_word' id='word_1_162' title='bbox 850 3623 960 3698; x_wconf 79' lang='lat' dir='ltr'>magis</span> <span class='ocrx_word' id='word_1_163' title='bbox 991 3623 1156 3682; x_wconf 84' lang='lat' dir='ltr'><strong>miramur</strong></span> <span class='ocrx_word' id='word_1_164' title='bbox 1180 3623 1350 3683; x_wconf 92' lang='lat' dir='ltr'>hominem</span> <span class='ocrx_word' id='word_1_165' title='bbox 1375 3638 1499 3685; x_wconf 87' lang='lat' dir='ltr'>vesane</span> <span class='ocrx_word' id='word_1_166' title='bbox 1523 3624 1675 3701; x_wconf 87' lang='lat' dir='ltr'>doctum,</span> <span class='ocrx_word' id='word_1_167' title='bbox 1699 3619 1790 3698; x_wconf 88' lang='lat' dir='ltr'>quiin</span> <span class='ocrx_word' id='word_1_168' title='bbox 1838 3569 1840 3670; x_wconf 68' lang='grc' dir='ltr'><strong><em>έ</em></strong></span> 
     </span>
     <span class='ocr_line' id='line_1_26' title="bbox 577 3735 1838 3812; baseline 0.004 -13"><span class='ocrx_word' id='word_1_169' title='bbox 577 3738 715 3800; x_wconf 83' lang='lat' dir='ltr'>scholiis</span> <span class='ocrx_word' id='word_1_170' title='bbox 737 3737 912 3797; x_wconf 88' lang='lat' dir='ltr'>annotavit</span> <span class='ocrx_word' id='word_1_171' title='bbox 938 3735 1113 3812; x_wconf 63' lang='lat' dir='ltr'>„straciae</span> <span class='ocrx_word' id='word_1_172' title='bbox 1135 3736 1217 3796; x_wconf 75' lang='lat' dir='ltr'>hanc</span> <span class='ocrx_word' id='word_1_173' title='bbox 1240 3752 1302 3797; x_wconf 82' lang='lat' dir='ltr'>casa</span> <span class='ocrx_word' id='word_1_174' title='bbox 1320 3737 1476 3812; x_wconf 53' lang='lat' dir='ltr'>cantem&amp;</span> <span class='ocrx_word' id='word_1_175' title='bbox 1496 3737 1624 3812; x_wconf 87' lang='lat' dir='ltr'>Nempe</span> <span class='ocrx_word' id='word_1_176' title='bbox 1642 3737 1789 3798; x_wconf 79' lang='lat' dir='ltr'>Paetorum</span> <span class='ocrx_word' id='word_1_177' title='bbox 1837 3793 1838 3804; x_wconf 25' lang='grc' dir='ltr'><strong><em>ε</em></strong></span> 
     </span>
     <span class='ocr_line' id='line_1_27' title="bbox 578 3807 1838 3927; baseline -0.009 -15"><span class='ocrx_word' id='word_1_178' title='bbox 578 3851 665 3927; x_wconf 89' lang='lat' dir='ltr'>apud</span> <span class='ocrx_word' id='word_1_179' title='bbox 696 3850 900 3911; x_wconf 88' lang='lat' dir='ltr'>Herodotum</span> <span class='ocrx_word' id='word_1_180' title='bbox 932 3850 1139 3910; x_wconf 89' lang='lat' dir='ltr'>mentionem</span> <span class='ocrx_word' id='word_1_181' title='bbox 1177 3850 1306 3910; x_wconf 85' lang='lat' dir='ltr'>viderat</span> <span class='ocrx_word' id='word_1_182' title='bbox 1341 3851 1475 3912; x_wconf 86' lang='lat' dir='ltr'>iactam.</span> <span class='ocrx_word' id='word_1_183' title='bbox 1509 3851 1649 3926; x_wconf 88' lang='lat' dir='ltr'>Propius</span> <span class='ocrx_word' id='word_1_184' title='bbox 1681 3867 1700 3912; x_wconf 85' lang='lat' dir='ltr'><strong>a</strong></span> <span class='ocrx_word' id='word_1_185' title='bbox 1727 3859 1788 3908; x_wconf 89' lang='lat' dir='ltr'>vero</span> <span class='ocrx_word' id='word_1_186' title='bbox 1837 3807 1838 3902; x_wconf 62' lang='lat' dir='ltr'>i</span> 
     </span>
     <span class='ocr_line' id='line_1_28' title="bbox 576 3955 1788 4041; baseline -0.007 -15"><span class='ocrx_word' id='word_1_187' title='bbox 576 3966 680 4027; x_wconf 86' lang='lat' dir='ltr'>distat</span> <span class='ocrx_word' id='word_1_188' title='bbox 715 3964 820 4025; x_wconf 87' lang='lat' dir='ltr'>codex</span> <span class='ocrx_word' id='word_1_189' title='bbox 855 3965 889 4040; x_wconf 89' lang='grc' dir='ltr'>Γ,</span> <span class='ocrx_word' id='word_1_190' title='bbox 921 3963 978 4038; x_wconf 89' lang='lat' dir='ltr'>qui</span> <span class='ocrx_word' id='word_1_191' title='bbox 1009 3960 1042 4023; x_wconf 83' lang='grc' dir='ltr'><strong><em>ἐν</em></strong></span> <span class='ocrx_word' id='word_1_192' title='bbox 1073 3967 1211 4034; x_wconf 69' lang='grc' dir='ltr'><strong><em>ποτοῖς</em></strong></span> <span class='ocrx_word' id='word_1_193' title='bbox 1243 3964 1356 4041; x_wconf 89' lang='lat' dir='ltr'>habet,</span> <span class='ocrx_word' id='word_1_194' title='bbox 1388 3964 1520 4039; x_wconf 81' lang='lat' dir='ltr'>integra</span> <span class='ocrx_word' id='word_1_195' title='bbox 1550 3968 1663 4025; x_wconf 89' lang='lat' dir='ltr'>autem</span> <span class='ocrx_word' id='word_1_196' title='bbox 1687 3978 1745 4025; x_wconf 82' lang='lat' dir='ltr'>vor</span> <span class='ocrx_word' id='word_1_197' title='bbox 1763 3955 1788 4017; x_wconf 81' lang='grc' dir='ltr'><strong><em>ἐν</em></strong></span> 
     </span>
     <span class='ocr_line' id='line_1_29' title="bbox 576 4078 1788 4152; baseline -0.006 -14"><span class='ocrx_word' id='word_1_198' title='bbox 576 4083 733 4149; x_wconf 75' lang='grc' dir='ltr'><strong><em>πεττοῖς</em></strong></span> <span class='ocrx_word' id='word_1_199' title='bbox 753 4080 812 4138; x_wconf 91' lang='lat' dir='ltr'>aut</span> <span class='ocrx_word' id='word_1_200' title='bbox 831 4092 849 4138; x_wconf 89' lang='lat' dir='ltr'>e</span> <span class='ocrx_word' id='word_1_201' title='bbox 869 4078 1061 4139; x_wconf 87' lang='lat' dir='ltr'>coniectura</span> <span class='ocrx_word' id='word_1_202' title='bbox 1080 4080 1132 4138; x_wconf 88' lang='lat' dir='ltr'>est</span> <span class='ocrx_word' id='word_1_203' title='bbox 1150 4078 1359 4138; x_wconf 81' lang='lat' dir='ltr'>restituenda</span> <span class='ocrx_word' id='word_1_204' title='bbox 1380 4112 1419 4122; x_wconf 85' lang='lat'><em>-</em></span> <span class='ocrx_word' id='word_1_205' title='bbox 1442 4094 1549 4152; x_wconf 84' lang='lat' dir='ltr'>neque</span> <span class='ocrx_word' id='word_1_206' title='bbox 1569 4078 1707 4138; x_wconf 89' lang='lat' dir='ltr'>arduum</span> <span class='ocrx_word' id='word_1_207' title='bbox 1725 4085 1788 4136; x_wconf 88' lang='lat' dir='ltr'>sane</span> 
     </span>
     <span class='ocr_line' id='line_1_30' title="bbox 576 4191 1384 4276; baseline 0 -23"><span class='ocrx_word' id='word_1_208' title='bbox 576 4193 609 4253; x_wconf 94' lang='lat' dir='ltr'>id</span> <span class='ocrx_word' id='word_1_209' title='bbox 633 4194 804 4267; x_wconf 83' lang='lat' dir='ltr'>negotium</span> <span class='ocrx_word' id='word_1_210' title='bbox 831 4224 871 4235; x_wconf 94' lang='lat'>-</span> <span class='ocrx_word' id='word_1_211' title='bbox 896 4193 956 4252; x_wconf 89' lang='lat' dir='ltr'>aut</span> <span class='ocrx_word' id='word_1_212' title='bbox 976 4191 1143 4251; x_wconf 88' lang='lat' dir='ltr'>sumenda</span> <span class='ocrx_word' id='word_1_213' title='bbox 1167 4207 1184 4251; x_wconf 86' lang='lat' dir='ltr'>e</span> <span class='ocrx_word' id='word_1_214' title='bbox 1207 4192 1323 4276; x_wconf 89' lang='lat' dir='ltr'>codice</span> <span class='ocrx_word' id='word_1_215' title='bbox 1348 4192 1384 4253; x_wconf 92' lang='lat' dir='ltr'>B.</span> 
     </span>
    </p>

    <p class='ocr_par' dir='ltr' id='par_1_3' title="bbox 574 4302 1787 4722">
     <span class='ocr_line' id='line_1_31' title="bbox 620 4302 1787 4381; baseline -0.006 -13"><span class='ocrx_word' id='word_1_216' title='bbox 620 4308 754 4368; x_wconf 84' lang='lat' dir='ltr'>Minime</span> <span class='ocrx_word' id='word_1_217' title='bbox 789 4305 906 4380; x_wconf 81' lang='lat' dir='ltr'>gravia</span> <span class='ocrx_word' id='word_1_218' title='bbox 940 4305 1023 4366; x_wconf 87' lang='lat' dir='ltr'>haec</span> <span class='ocrx_word' id='word_1_219' title='bbox 1057 4304 1181 4367; x_wconf 84' lang='lat' dir='ltr'>ulcera.</span> <span class='ocrx_word' id='word_1_220' title='bbox 1213 4305 1373 4366; x_wconf 86' lang='lat' dir='ltr'>Attamen</span> <span class='ocrx_word' id='word_1_221' title='bbox 1407 4305 1447 4366; x_wconf 89' lang='lat' dir='ltr'>ab</span> <span class='ocrx_word' id='word_1_222' title='bbox 1479 4306 1541 4367; x_wconf 91' lang='lat' dir='ltr'>hac</span> <span class='ocrx_word' id='word_1_223' title='bbox 1566 4321 1692 4381; x_wconf 88' lang='lat' dir='ltr'>quoque</span> <span class='ocrx_word' id='word_1_224' title='bbox 1712 4302 1787 4379; x_wconf 82' lang='lat' dir='ltr'>parte</span> 
     </span>
     <span class='ocr_line' id='line_1_32' title="bbox 574 4413 1785 4496; baseline -0.008 -14"><span class='ocrx_word' id='word_1_225' title='bbox 574 4423 678 4483; x_wconf 87' lang='lat' dir='ltr'>instat</span> <span class='ocrx_word' id='word_1_226' title='bbox 701 4419 900 4496; x_wconf 80' lang='lat' dir='ltr'>periculum3</span> <span class='ocrx_word' id='word_1_227' title='bbox 927 4433 1006 4478; x_wconf 90' lang='lat' dir='ltr'>nam</span> <span class='ocrx_word' id='word_1_228' title='bbox 1031 4419 1060 4478; x_wconf 89' lang='lat' dir='ltr'>si</span> <span class='ocrx_word' id='word_1_229' title='bbox 1074 4413 1219 4480; x_wconf 76' lang='lat' dir='ltr'>&#39;accedat</span> <span class='ocrx_word' id='word_1_230' title='bbox 1242 4419 1417 4479; x_wconf 92' lang='lat' dir='ltr'>hominum</span> <span class='ocrx_word' id='word_1_231' title='bbox 1442 4419 1623 4480; x_wconf 88' lang='lat' dir='ltr'>stultorum</span> <span class='ocrx_word' id='word_1_232' title='bbox 1646 4415 1785 4495; x_wconf 86' lang='lat' dir='ltr'>paradior·</span> 
     </span>
     <span class='ocr_line' id='line_1_33' title="bbox 574 4529 1785 4612; baseline -0.006 -16"><span class='ocrx_word' id='word_1_233' title='bbox 574 4535 695 4612; x_wconf 85' lang='lat' dir='ltr'>thosis,</span> <span class='ocrx_word' id='word_1_234' title='bbox 734 4548 776 4595; x_wconf 85' lang='lat' dir='ltr'>ns</span> <span class='ocrx_word' id='word_1_235' title='bbox 806 4532 888 4593; x_wconf 89' lang='lat' dir='ltr'>talia</span> <span class='ocrx_word' id='word_1_236' title='bbox 919 4531 1053 4606; x_wconf 88' lang='lat' dir='ltr'>quidam</span> <span class='ocrx_word' id='word_1_237' title='bbox 1082 4533 1167 4593; x_wconf 91' lang='lat' dir='ltr'>satis</span> <span class='ocrx_word' id='word_1_238' title='bbox 1190 4532 1288 4593; x_wconf 86' lang='lat' dir='ltr'>facile</span> <span class='ocrx_word' id='word_1_239' title='bbox 1312 4533 1549 4608; x_wconf 82' lang='lat' dir='ltr'>agnoscuntur.</span> <span class='ocrx_word' id='word_1_240' title='bbox 1574 4532 1635 4596; x_wconf 82' lang='lat' dir='ltr'>Ex.</span> <span class='ocrx_word' id='word_1_241' title='bbox 1658 4547 1702 4608; x_wconf 80' lang='lat' dir='ltr'>gr.</span> <span class='ocrx_word' id='word_1_242' title='bbox 1723 4529 1785 4602; x_wconf 77' lang='lat' dir='ltr'>Lys.</span> 
     </span>
     <span class='ocr_line' id='line_1_34' title="bbox 574 4647 913 4722; baseline -0.015 -10"><span class='ocrx_word' id='word_1_243' title='bbox 574 4651 639 4712; x_wconf 80' lang='lat'>565</span> <span class='ocrx_word' id='word_1_244' title='bbox 664 4650 697 4709; x_wconf 95' lang='lat' dir='ltr'>in</span> <span class='ocrx_word' id='word_1_245' title='bbox 721 4647 750 4708; x_wconf 97' lang='grc' dir='ltr'>Β</span> <span class='ocrx_word' id='word_1_246' title='bbox 773 4647 913 4722; x_wconf 78' lang='lat' dir='ltr'>legitur:</span> 
     </span>
    </p>

    <p class='ocr_par' dir='ltr' id='par_1_4' title="bbox 571 4752 1761 4951">
     <span class='ocr_line' id='line_1_35' title="bbox 661 4752 1761 4842; baseline -0.007 -20"><span class='ocrx_word' id='word_1_247' title='bbox 661 4771 725 4836; x_wconf 83' lang='grc' dir='ltr'>πῶς</span> <span class='ocrx_word' id='word_1_248' title='bbox 745 4752 802 4822; x_wconf 75' lang='grc' dir='ltr'><strong><em>οὖν</em></strong></span> <span class='ocrx_word' id='word_1_249' title='bbox 822 4759 908 4838; x_wconf 81' lang='grc' dir='ltr'><strong><em>ὑμεῖς</em></strong></span> <span class='ocrx_word' id='word_1_250' title='bbox 928 4759 1110 4821; x_wconf 80' lang='grc' dir='ltr'><strong><em>δύνασθε</em></strong></span> <span class='ocrx_word' id='word_1_251' title='bbox 1128 4768 1246 4820; x_wconf 79' lang='grc' dir='ltr'><strong><em>παῦσαι</em></strong></span> <span class='ocrx_word' id='word_1_252' title='bbox 1269 4758 1471 4842; x_wconf 75' lang='grc' dir='ltr'><strong><em>τεταραγμένα</em></strong></span> <span class='ocrx_word' id='word_1_253' title='bbox 1491 4759 1652 4842; x_wconf 79' lang='grc' dir='ltr'><strong><em>πράγματα</em></strong></span> <span class='ocrx_word' id='word_1_254' title='bbox 1670 4754 1761 4820; x_wconf 79' lang='grc' dir='ltr'><strong><em>πολλά.</em></strong></span> 
     </span>
     <span class='ocr_line' id='line_1_36' title="bbox 571 4875 1188 4951; baseline -0.006 -12"><span class='ocrx_word' id='word_1_255' title='bbox 571 4879 694 4940; x_wconf 87' lang='lat' dir='ltr'><strong>Varum</strong></span> <span class='ocrx_word' id='word_1_256' title='bbox 718 4877 845 4940; x_wconf 89' lang='lat' dir='ltr'>Porson</span> <span class='ocrx_word' id='word_1_257' title='bbox 868 4875 997 4951; x_wconf 88' lang='lat' dir='ltr'>primus</span> <span class='ocrx_word' id='word_1_258' title='bbox 1021 4875 1188 4938; x_wconf 86' lang='lat' dir='ltr'>restituit:</span> 
     </span>
    </p>
   </div>
   <div class='ocr_carea' id='block_1_3' title="bbox 0 0 2038 5950">
    <p class='ocr_par' dir='ltr' id='par_1_5' title="bbox 0 0 2038 5950">
     <span class='ocr_line' id='line_1_37' title="bbox 0 0 2038 5950; baseline 0 9"><span class='ocrx_word' id='word_1_259' title='bbox 0 0 2038 5950; x_wconf 95' lang='lat' dir='ltr'> </span> 
     </span>
    </p>
   </div>
  </div>
 </body>
</html>
