4067 5950
708 787 785 830 vrrs
809 787 849 830 nr
872 785 1042 831 ornamus.
1446 772 1489 830 33

257 957 394 1030 quidem
419 957 622 1032 defecturas,
646 958 721 1029 quis
739 957 954 1030 praestabat?
974 958 1138 1017 undenam
1160 959 1318 1017 venturas
1337 958 1494 1032 semper?

258 1071 368 1144 thue
380 1073 499 1145 repleri
510 1075 623 1146 posset
635 1071 814 1147 aerarium,
829 1085 951 1131 aurona
963 1071 1075 1130 sanari
1087 1071 1397 1147 poterantvulnera,
1408 1085 1494 1143 quae

258 1185 392 1245 civitati
425 1184 596 1258 infligebat
630 1184 780 1245 bellum?
817 1164 900 1245 B'oni
930 1184 1014 1244 nihil
1044 1185 1077 1244 id
1105 1184 1281 1262 attulerat,
1311 1184 1394 1245 nihil
1423 1186 1494 1245 erat

259 1298 453 1359 allaturum.
489 1297 580 1373 Quod
614 1301 671 1373 qui
706 1300 922 1374 appetebant,
958 1301 1016 1359 aut
1047 1301 1162 1360 mente
1192 1302 1287 1360 erant
1317 1299 1406 1374 capti
1435 1301 1493 1360 aut

259 1413 388 1488 patriae
418 1412 506 1472 male
534 1411 698 1472 volebant.
723 1413 837 1486 Apage
861 1412 964 1486 igitur
988 1411 1143 1473 Cleonem
1168 1414 1306 1487 eiusque
1329 1414 1492 1474 asseclas!

259 1527 419 1586 internus
452 1525 508 1586 ille
543 1526 652 1586 hostis
684 1526 929 1599 impugnandus
958 1529 1049 1602 erat,
1081 1530 1119 1586 ut
1149 1542 1226 1588 cum
1256 1528 1406 1588 externis
1427 1543 1494 1604 pax

261 1643 379 1715 posset
401 1641 571 1714 componit

854 1891 909 1952 VI.

309 2096 409 2156 Brevi
438 2097 514 2168 post
542 2094 774 2155 Acharnenses
804 2093 951 2154 rabulam
982 2111 1102 2157 scenae
1124 2099 1342 2159 commissam
1365 2114 1432 2159 non
1455 2116 1496 2160 ea

261 2210 326 2269 fuit
349 2223 461 2269 rerum
484 2208 684 2268 Graecarum
707 2209 834 2283 species
856 2211 893 2268 ut
916 2207 1016 2270 Cleon
1039 2211 1134 2271 facile
1157 2211 1197 2272 de
1219 2213 1374 2289 statione,
1394 2229 1494 2287 quam

262 2325 297 2382 in
333 2322 470 2382 civitate
504 2320 691 2398 obtinebat,
724 2323 802 2398 pelli
829 2339 927 2398 posse
957 2323 1133 2386 videretur.
1164 2326 1304 2387 Aestate
1326 2327 1406 2388 anni
1428 2328 1494 2387 425

263 2436 488 2496 Athenienses
517 2435 637 2510 Pylum
668 2437 702 2495 in
732 2436 950 2513 Peloponnesi
977 2453 1035 2498 ora
1057 2439 1254 2500 occidentali
1277 2440 1378 2501 sitam
1401 2454 1495 2501 occu·

263 2551 441 2625 paverunt,
477 2563 562 2622 quae
592 2551 757 2626 expeditio
788 2552 939 2626 prudenti
970 2552 1205 2614 Demosthenis
1233 2553 1328 2614 ducis
1357 2553 1495 2615 consilio

263 2666 298 2723 et
320 2667 459 2724 strenua
490 2662 622 2724 Cleonis
644 2664 809 2725 industria
830 2665 1064 2726 felicissimum
1086 2668 1175 2727 hunc
1197 2666 1313 2728 habuit
1336 2671 1494 2729 eventum

264 2780 302 2837 ut
326 2777 449 2838 armati
473 2779 618 2838 trecenti
641 2778 800 2839 dederent
822 2795 858 2840 se
880 2780 1156 2856 Atheniensibus,
1181 2781 1215 2840 in
1234 2781 1288 2841 his
1307 2781 1495 2857 Spartiatae

263 2893 401 2952 eentum
436 2891 565 2965 viginti.
606 2890 694 2966 Quos
735 2891 822 2951 laeto
862 2893 1032 2967 triumpho
1073 2909 1149 2954 cum
1185 2893 1284 2954 Cleon
1319 2894 1426 2955 classe
1460 2895 1493 2954 in

264 3006 421 3066 Piraeum
451 3004 603 3081 adduxit,
636 3006 728 3066 cives
752 3006 866 3067 oculos
890 3006 994 3067 veluti
1016 3008 1050 3065 in
1074 3009 1208 3082 ignotas
1231 3008 1358 3083 aliquas
1382 3009 1497 3070 beluas

265 3119 480 3179 intenderunt
503 3119 537 3178 in
556 3119 741 3193 Spartiatae
763 3118 853 3195 illos,
874 3121 929 3193 qui
951 3120 1019 3180 viri
1043 3122 1169 3195 captari
1187 3122 1386 3197 potuissent.
1409 3122 1494 3183 Nam

264 3234 428 3292 hactenus
457 3247 576 3293 omnes
605 3232 719 3293 Craeci
749 3234 977 3294 certissimum
1004 3234 1169 3294 duxerant
1199 3234 1309 3294 nullos
1335 3250 1495 3309 umquam

265 3346 468 3421 Spartiatae,
493 3349 531 3406 ut
555 3348 665 3406 cutem
689 3350 879 3422 servarent,
910 3347 1063 3407 hostibus
1084 3347 1273 3408 iubentibus
1295 3362 1389 3408 arma
1412 3350 1494 3423 posi·

263 3464 369 3519 turos.
394 3458 432 3518 In
455 3459 588 3519 tumulo
612 3460 776 3520 Leonidae
798 3460 935 3534 eiusque
958 3461 1106 3521 militum
1131 3461 1292 3536 scriptum
1317 3464 1406 3521 erat:

425 3573 496 3648 ,Ad
520 3573 812 3651 Lacedaemonios,
836 3575 972 3650 hospes,
996 3575 1143 3649 perferre
1166 3578 1355 3650 memento,

472 3687 632 3762 ,Legibus
656 3687 789 3748 illorum
812 3688 873 3748 hoc
895 3703 956 3748 nos
980 3688 1140 3748 cecidisse
1162 3688 1270 3748 loco.''

264 3799 320 3860 illi
355 3800 439 3873 quod
469 3800 630 3876 fecerant,
662 3800 696 3860 id
727 3799 866 3874 quilibet
895 3800 1082 3877 Spartiatae
1111 3801 1190 3874 quin
1220 3801 1341 3862 facturi
1368 3805 1495 3879 essent,

265 3928 366 3973 nemo
390 3912 602 3973 dubitaverat
626 3914 798 3974 hactenus.
826 3914 920 3975 Nune
943 3917 1058 3989 erepta
1080 3915 1124 3975 iis
1146 3917 1219 3975 erat
1240 3915 1300 3975 illa
1321 3915 1413 3976 lama
1435 3916 1498 3975 vir·

264 4027 353 4087 tutis
371 4026 532 4101 invictae,
553 4028 752 4088 durantem
771 4027 986 4088 Atheniensis
1007 4028 1220 4089 effusissimis
1239 4029 1392 4090 laudibus
1410 4030 1499 4089 inter

267 4142 360 4202 cives
387 4138 615 4201 celebrabatur
645 4156 751 4215 neque
782 4141 878 4202 facile
909 4142 1111 4203 adversariis
1133 4158 1290 4203 cessurus
1312 4143 1497 4203 videbatur.

267 4256 407 4330 Spartae
437 4253 530 4313 nulla
564 4254 631 4314 iam
662 4256 734 4315 erat
764 4270 841 4329 spes
872 4257 964 4330 pacis
993 4257 1082 4317 haud
1105 4258 1228 4332 iniquis
1251 4259 1499 4320 condicionibus

266 4368 362 4431 brevi
383 4368 624 4443 impetrandae.

314 4482 431 4554 Itaque
465 4479 695 4541 Callistratum
729 4483 845 4542 minus
878 4483 981 4543 etiam
1012 4498 1109 4557 quam
1143 4487 1243 4545 autea
1275 4486 1342 4544 iam
1366 4484 1500 4559 impulit

268 4596 404 4656 animus
434 4594 475 4654 ad
506 4594 615 4656 virum
645 4597 753 4670 gratia
783 4599 882 4670 atque
906 4598 1106 4657 auctoritate
1128 4597 1405 4657 florentissimum
1428 4614 1501 4659 ver-

269 4709 363 4769 sibus
396 4708 563 4782 probrosis
597 4710 801 4770 vexandum.
836 4711 882 4770 At
912 4711 998 4782 quod
1030 4710 1085 4770 ille
1109 4710 1319 4772 detrectabat
1340 4711 1500 4788 officium,

268 4824 342 4897 ipse
365 4822 604 4898 Aristophanes
628 4824 660 4883 id
684 4825 717 4883 iu
741 4839 778 4883 ee
801 4825 935 4898 recepit.
967 4823 1038 4883 Non
1069 4825 1138 4884 iam
1162 4825 1227 4885 tiro
1252 4828 1324 4885 erat
1347 4826 1380 4885 in
1403 4824 1502 4885 rebus

352 4928 401 4973 aa.
1381 4930 1396 4973 a
