4067 5950
698 797 779 844 vrrs
800 799 840 844 rr
864 797 1033 844 osrmsus.
1417 779 1481 840 159

296 969 416 1043 Itaque
437 968 719 1047 interielicitstis,
739 970 984 1048 prosperitatis,
1003 969 1194 1033 divitiarum
1216 969 1367 1031 notiones
1388 965 1484 1028 vacil·

249 1083 328 1145 lans
353 1081 465 1144 iabula
487 1087 578 1146 caret
600 1085 742 1146 unitatis
765 1084 825 1147 illa
846 1085 958 1162 laude,
990 1098 1076 1160 quae
1099 1083 1220 1145 ceteris
1241 1084 1358 1159 poetae
1381 1082 1485 1141 matu·

250 1197 351 1258 rioris
385 1196 540 1272 operibus
575 1200 629 1259 est
661 1198 803 1274 propria.
837 1198 981 1261 Divitiae
1016 1199 1104 1260 inter
1137 1197 1292 1259 homines
1325 1193 1486 1256 habentur

251 1310 434 1385 optabiles:
466 1310 550 1373 bene
580 1311 683 1387 igitur
713 1311 852 1374 baberet
881 1313 912 1374 si
941 1312 1035 1390 probi
1058 1327 1176 1374 omnes
1199 1310 1352 1374 homines
1374 1310 1487 1371 essent

251 1424 387 1486 divites.
418 1425 462 1486 At
484 1425 610 1486 nemini
632 1425 662 1486 si
685 1440 751 1488 non
774 1427 866 1486 esset
887 1426 1042 1502 pecunia,
1065 1425 1226 1502 pecuniae
1248 1423 1379 1486 utilitas
1401 1422 1487 1485 roret

252 1538 362 1615 nulla,
393 1553 459 1600 non
488 1539 579 1601 enim
611 1541 728 1601 essent
756 1539 812 1614 qul
838 1539 991 1601 mercede
1014 1539 1153 1601 conduci
1175 1539 1313 1614 possent
1335 1537 1377 1599 ad
1398 1535 1484 1598 labo·

251 1651 412 1729 randum,
443 1651 503 1714 sed
534 1667 554 1714 a
583 1651 697 1715 labore
728 1651 936 1716 abstinerent
958 1668 1094 1727 omnes;
1123 1666 1207 1727 quae
1236 1651 1379 1726 insignis
1402 1650 1521 1712 foret-

253 1765 455 1827 mortalibus
474 1765 664 1843 calamitas,
683 1765 842 1840 quoniam
861 1765 973 1828 labore
992 1782 1092 1841 quam
1111 1765 1260 1828 maxime
1277 1765 1435 1826 iuvantur
1454 1767 1487 1824 st

254 1879 394 1954 egestas
413 1879 454 1942 ad
477 1880 604 1956 omnia,
629 1895 713 1954 quae
736 1878 776 1941 ab
799 1879 932 1956 ingenio
956 1880 1103 1942 humano
1125 1880 1263 1942 inventa
1282 1882 1375 1956 sunt,
1397 1879 1485 1940 inda·

253 1992 352 2067 gavit
382 1993 482 2054 viam.
515 1992 559 2055 At
589 1992 639 2054 lta
668 1994 698 2054 si
729 1991 830 2054 babet
860 1964 930 2070 res,
963 1993 1100 2054 divitiae
1124 1993 1286 2069 optabiles
1308 2007 1374 2054 non
1397 1994 1486 2053 sunt.

255 2104 499 2183 Ergo...Quid
529 2108 634 2182 ergo?
715 2105 777 2167 Vix
801 2109 835 2168 ot
857 2121 899 2168 ne
923 2105 981 2167 vix
1004 2107 1138 2181 quidem
1162 2107 1335 2168 decurrere
1358 2105 1488 2168 videtur

254 2219 560 2295 argumentationis
587 2222 692 2297 tenor,
720 2219 1019 2296 paralogismorum
1043 2221 1131 2281 enim
1156 2221 1261 2282 series
1283 2219 1414 2282 rabulae
1437 2222 1489 2282 est

256 2335 465 2411 substructa,
488 2336 588 2409 utque
607 2334 735 2410 species
753 2336 842 2396 certe
861 2334 1001 2396 unitatis
1024 2337 1177 2396 servetur
1199 2334 1400 2397 sumendum
1423 2336 1489 2412 est,

256 2448 383 2523 probus
403 2447 543 2522 quilibet
576 2448 607 2509 si
637 2448 731 2510 dives
761 2446 833 2524 ilat,
866 2462 1001 2524 operam
1032 2449 1173 2510 daturos
1200 2463 1275 2510 esse
1306 2463 1422 2510 omnes
1452 2449 1490 2508 ut

256 2578 362 2637 quam
392 2563 537 2638 primum
569 2561 661 2636 probi
684 2560 781 2638 liant,
804 2576 966 2639 pauperes
988 2563 1091 2638 igitur
1114 2577 1193 2624 mox
1216 2562 1348 2624 iuturus
1370 2561 1489 2623 nullos

256 2679 304 2738 At
335 2675 563 2738 huiuscemodi
593 2674 742 2750 probitas
771 2690 873 2750 quam
903 2679 955 2738 est
978 2676 1153 2738 dissimilis
1177 2675 1296 2737 virtuti
1319 2677 1364 2753 ei,
1388 2691 1489 2751 quam

256 2792 414 2852 Socrates
432 2790 658 2852 condicionem
677 2792 715 2850 ut
734 2789 961 2852 necessariam
980 2791 1030 2852 sic
1049 2792 1181 2852 unicam
1206 2823 1248 2835 -
1271 2805 1337 2851 non
1360 2803 1489 2865 prospe·

255 2885 372 2966 ritatis
394 2904 596 2981 praedicavit
618 2906 675 2967 sed
699 2904 884 2966 felicitatis!
909 2905 1085 2983 Homines,
1109 2905 1226 2982 opibus
1250 2907 1287 2966 ut
1309 2905 1490 2981 potiantur,

255 3034 300 3080 ne
323 3019 418 3095 probi
440 3021 574 3095 quidem
597 3019 670 3081 fleri
692 3011 887 3082 recusantes
906 3020 983 3095 quid
1003 3020 1192 3095 discrepant
1209 3035 1229 3081 a
1248 3018 1490 3095 Strepsiadibus

255 3148 440 3207 eorumque
470 3130 560 3211 filiis,
594 3132 677 3195 lueri
708 3148 809 3194 causa
839 3135 947 3195 artem
977 3132 1114 3194 fallendi
1136 3132 1395 3194 meditantibus?
1418 3132 1488 3193 Non

256 3247 324 3321 ipsi
348 3249 428 3308 sunt
450 3246 521 3323 alii,
546 3246 606 3309 sed
629 3247 714 3308 aliae
737 3246 779 3307 iis
802 3249 883 3310 sunt
905 3246 995 3308 vitae
1018 3246 1239 3309 condiciones.

306 3360 462 3423 comicus
491 3362 590 3437 poeta
618 3360 747 3422 utinam
779 3360 989 3422 Socratis-
1012 3374 1079 3423 non
1108 3359 1331 3422 commenticii
1361 3358 1491 3421 illiuse

258 3473 459 3535 Meditaculo
490 3474 822 3550 meteorosopbistae,
846 3474 905 3535 sed
927 3474 999 3536 veri
1022 3473 1182 3550 socratis,
1208 3473 1262 3548 qui
1285 3472 1412 3534 civibus
1435 3487 1492 3547 per

257 3587 380 3663 longos
410 3602 517 3649 annos
547 3587 702 3663 colloquii
724 3588 777 3649 sui
799 3587 879 3649 iecit
901 3588 1043 3665 copiam,
1068 3601 1134 3650 non
1157 3602 1256 3647 nares
1278 3586 1490 3663 potissimum

258 3703 450 3777 spectasset
478 3703 620 3765 resimas
648 3702 796 3764 nudosve
818 3702 931 3779 pedes,
955 3702 1014 3763 sed
1037 3703 1072 3762 et
1094 3716 1208 3762 aurem
1232 3702 1262 3762 ei
1287 3699 1493 3777 praebuisset

259 3814 392 3877 amicos
415 3816 545 3877 docenti
568 3816 644 3890 quid
668 3817 759 3876 esset
780 3815 829 3877 rei
851 3814 992 3877 alieuius
1015 3815 1121 3893 notio,
1147 3814 1223 3889 quid
1247 3812 1404 3875 delinitio.

311 3926 517 4004 Quamquam
541 3928 646 3990 talem
671 3928 946 4005 Aristophanem,
977 3927 1110 4003 qualem
1137 3926 1216 3988 iecit
1242 3926 1330 3988 alma
1357 3929 1490 4002 natura,

258 4056 419 4103 amamus
437 4043 568 4117 propter
587 4041 758 4116 ingenium
781 4043 961 4102 venustum
985 4043 1020 4101 et
1042 4054 1252 4116 generosum.
1273 4039 1335 4101 Sed
1354 4054 1419 4100 non
1438 4042 1491 4099 est

260 4155 372 4215 exiis
395 4170 415 4215 a
438 4154 558 4228 quibus
581 4154 757 4230 cupiamus
779 4154 892 4215 audire
915 4154 992 4228 quid
1016 4155 1173 4215 censeant
1199 4153 1239 4214 de
1262 4154 1350 4215 vitae
1374 4153 1487 4214 boma·

259 4284 327 4329 nae
349 4266 416 4329 fine
439 4267 493 4330 vel
516 4268 634 4343 pretio.
699 4276 701 4279 ⁴

310 4493 454 4556 Fabulae
473 4494 567 4555 initio
587 4494 767 4570 adspicitur
786 4493 982 4569 chremyius
994 4493 1139 4569 agricola
1150 4494 1366 4569 provectioris
1377 4492 1496 4555 aetatis

262 4607 306 4668 ab
335 4607 456 4670 itinere
486 4608 627 4669 rediens.
662 4607 723 4684 Qui
753 4622 830 4668 cum
861 4607 1033 4669 oraculum
1063 4606 1261 4683 Delphicum
1292 4608 1429 4667 adiisset
1457 4608 1495 4667 ut

263 4721 383 4781 duram
414 4723 540 4783 sortem
572 4724 773 4797 quereretur,
804 4721 924 4796 quippe
950 4722 1006 4795 qui
1029 4722 1103 4797 pius
1127 4723 1161 4782 ot
1183 4720 1342 4781 honestus
1365 4734 1496 4794 semper

263 4837 408 4899 vixisset
437 4839 472 4900 et
502 4840 617 4898 tamen
640 4835 821 4897 mansisset
843 4835 1074 4912 pauperrimus
1095 4835 1182 4895 inter
1205 4832 1375 4896 maleficos
1397 4833 1493 4909 pluri·
