4067 5950
681 799 723 844 nc
746 798 855 845 rrxrn
878 798 1030 844 ranorno.
1401 784 1466 843 269

242 972 376 1032 secundi
405 972 515 1047 prima
544 971 648 1033 luisse
678 970 997 1046 Dionysalsxander.
1029 970 1092 1031 Sed
1115 971 1276 1031 incertam
1301 986 1375 1033 esso
1397 986 1467 1032 rem

242 1084 379 1146 libenter
420 1085 538 1162 fateor,
581 1086 737 1160 quoniam
780 1086 925 1148 Alcestis
960 1085 1079 1162 xviia,
1115 1086 1279 1161 Antigone
1313 1085 1468 1160 xxxin,

242 1200 328 1259 Aves
363 1199 504 1259 XXXVi
522 1195 544 1270 ¹)
579 1200 664 1273 quod
695 1200 815 1261 dicitur
846 1198 960 1260 tabula
989 1199 1024 1259 in
1054 1200 1286 1276 Argumentis,
1310 1200 1411 1276 prisci
1434 1200 1468 1260 hi
1545 1175 1547 1181 ¹

241 1313 370 1373 numeri
392 1312 497 1373 simili
519 1314 647 1375 ratione
670 1313 829 1389 explicari
852 1315 1030 1388 noqueunt.

281 1425 329 1487 De
364 1428 493 1503 septem
524 1427 757 1503 Aristophanis
785 1426 908 1488 fabulis
930 1426 1011 1503 illis,
1036 1441 1119 1501 quae
1142 1442 1221 1503 prae
1244 1428 1364 1489 ceteris
1386 1428 1466 1488 olim

240 1539 389 1600 solebant
408 1540 488 1616 legi,
508 1540 593 1602 duae
619 1540 732 1617 Vespoe
751 1544 785 1603 et
804 1535 880 1601 Pan
899 1540 1026 1615 aliquot
1044 1540 1188 1602 saeculis
1205 1544 1282 1616 post
1300 1542 1467 1604 detractae

241 1647 366 1730 sonti,
395 1655 571 1730 postmodo
594 1656 698 1717 etiam
722 1655 848 1731 Ecaten
871 1657 904 1717 et
928 1654 1008 1716 Acer
1032 1655 1065 1715 in
1085 1654 1285 1717 oblivionem
1306 1656 1467 1718 abierunt.

243 1770 324 1830 Solis
360 1768 452 1830 Pluto
484 1769 630 1832 Nutibus
664 1770 768 1831 Rana
803 1784 938 1846 operam
973 1773 1055 1831 tunc
1089 1769 1123 1830 in
1153 1769 1279 1832 scholis
1309 1770 1469 1832 dedorunt

242 1883 403 1959 magistri.

271 2138 291 2202 ¹)
308 2143 336 2189 Si
362 2141 468 2201 quidem
495 2143 597 2189 numeri
621 2143 726 2202 signnm
750 2145 812 2191 snnt
835 2142 941 2191 litterae
962 2147 995 2200 lo,
1014 2155 1081 2202 qnss
1097 2143 1177 2193 habet
1193 2144 1223 2203 V,
1240 2145 1339 2192 omittit
1355 2146 1390 2201 122
1407 2158 1467 2193 nam

241 2223 339 2280 dubito,
365 2234 427 2269 onnr
454 2218 612 2281 praesertim
634 2224 715 2271 etiam
738 2223 862 2282 Aeschyli
884 2220 972 2270 Persis
995 2223 1022 2269 in
1039 2224 1066 2271 Μ
1083 2226 1294 2286 superscriptum
1311 2224 1346 2273 sit
1361 2229 1394 2272 ln.
1416 2226 1469 2273 Seri

243 2301 375 2348 numerale
401 2298 425 2347 si
447 2313 500 2346 non
522 2303 592 2357 sunt,
614 2301 678 2360 qnid
701 2302 850 2361 significent
866 2302 963 2349 nescio.
981 2302 1012 2348 In
1030 2303 1053 2350 B
1070 2306 1127 2351 arrio
1143 2304 1265 2352 notitisnr
1283 2304 1469 2354 didascalicam

243 2393 333 2427 manns
350 2379 483 2427 recentior
500 2377 622 2440 scripsit:
642 2381 735 2437 „lv-”
745 2380 788 2442 (t).

272 2455 294 2520 ²)
310 2457 351 2507 Gi.
368 2470 430 2520 pag.
449 2459 508 2515 264,
525 2459 549 2505 8.
