4067 5950
727 725 808 770 1111
831 725 870 772 nr
894 725 1065 773 11111111.
1470 712 1511 772 87

278 898 468 958 Incredibili
499 897 589 959 enim
620 913 659 959 ac
690 913 765 959 vere
796 896 983 958 admirabili
1005 895 1166 957 firmitate
1190 896 1294 957 animi
1317 897 1517 958 obstiterunt

278 1011 446 1072 malorum
488 1010 582 1087 moli,
626 1013 661 1071 et
703 1011 939 1072 vehementius
980 1025 1082 1084 quam
1123 1009 1268 1070 militum
1304 1007 1514 1071 Nicianorum

278 1124 400 1186 tlebilis
422 1124 579 1184 interitus
602 1124 686 1200 apud
711 1124 937 1198 Thucydidem
962 1138 1098 1184 summa
1117 1125 1188 1184 arte
1207 1125 1381 1184 enarratus
1401 1125 1515 1198 pectus

278 1237 463 1312 legentium
500 1241 714 1300 commovent
749 1254 833 1312 quae
868 1239 955 1299 idem
992 1238 1132 1313 scriptor
1168 1236 1375 1313 simplicibus
1407 1237 1517 1299 verbis

277 1352 411 1413 rettulit
437 1352 477 1412 de
500 1353 637 1412 civitate
661 1352 753 1412 luctu
773 1353 873 1425 atquc
893 1353 1020 1412 terrore
1040 1365 1199 1426 oppressa
1218 1365 1284 1411 non
1305 1349 1517 1412 1111111111

277 1462 390 1525 famae
413 1463 494 1526 tides
517 1465 681 1540 denegata
699 1465 864 1540 primum;
886 1465 975 1541 dein,
996 1478 1072 1525 cum
1092 1463 1204 1524 nullus
1224 1463 1326 1524 etiam
1345 1462 1515 1524 dubitandi

278 1579 371 1637 esset
397 1578 541 1655 occasio,
573 1578 650 1638 hinc
679 1578 730 1639 ira
760 1577 954 1654 excanduit,
979 1577 1071 1637 illinc
1099 1576 1246 1654 obrepsit
1268 1593 1380 1639 rerum
1403 1579 1513 1654 despe-

277 1691 385 1765 ratio;
417 1692 474 1751 sad
505 1705 586 1752 mox
616 1691 657 1750 ad
687 1705 724 1751 se
748 1691 847 1751 rediit
869 1690 994 1751 civium
1017 1705 1129 1767 mens,
1155 1691 1187 1750 et
1211 1690 1338 1751 viribus
1362 1691 1432 1752 suis
1455 1707 1516 1753 111

278 1803 395 1865 cedere
424 1802 543 1882 noluit,
574 1804 632 1864 sed
658 1802 782 1878 placuit
815 1804 854 1863 ut
888 1804 1010 1864 damna
1044 1805 1179 1878 accepta
1212 1818 1311 1877 quam
1343 1805 1513 1867 celerrime

277 1919 532 1979 resarcirentur.
563 1917 737 1991 Temporis
767 1919 879 1977 autem
905 1916 1028 1990 aliquid
1053 1916 1093 1976 ad
1116 1929 1314 1990 generosum
1338 1916 1419 1977 illud
1442 1933 1513 1978 con·

276 2030 392 2091 silium
425 2031 655 2106 exequendum
679 2032 843 2092 concessit
866 2032 908 2092 iis
930 2031 1076 2108 fortuna,
1101 2046 1165 2105 quo
1191 2033 1326 2090 strenue
1350 2033 1429 2090 sunt
1450 2033 1512 2094 usi.

279 2144 407 2225 Quouis
437 2144 524 2205 enim
556 2144 719 2219 temporis
750 2144 888 2206 articulo
919 2145 1066 2206 hostium
1097 2144 1215 2205 classis
1238 2144 1360 2205 victrix
1381 2147 1512 2219 portum

213 2311 220 2317 .
278 2257 493 2318 Athenarum
517 2258 649 2332 poterat
671 2259 800 2333 petere3
825 2273 923 2333 quem
947 2259 1033 2332 quod
1057 2273 1123 2318 non
1146 2257 1279 2333 petivit,
1303 2257 1385 2318 111111
1408 2259 1517 2320 effecit

279 2384 395 2445 casus,
429 2370 542 2444 quales
573 2384 743 2446 nunquam
775 2368 913 2431 deiicere
944 2371 1061 2432 urbem
1092 2370 1272 2446 Minervae,
1305 2385 1381 2431 cum
1405 2373 1518 2433 stultis

278 2482 406 2543 civium
450 2483 597 2546 consiliis
638 2485 672 2544 in
709 2484 866 2545 ultimum
901 2484 1085 2559 periculum
1121 2485 1210 2544 esset
1244 2483 1400 2561 adducta,
1436 2486 1515 2546 olim

277 2596 453 2671 perhibere
483 2596 611 2658 solebat
639 2600 736 2673 poeta
766 2596 926 2674 comicus,
959 2598 1087 2673 optima
1116 2596 1253 2671 quaevis
1283 2597 1408 2672 patriae
1437 2601 1517 2660 tunc

278 2724 421 2784 sperans
438 2705 470 2780 l).
495 2742 540 2752 —
557 2710 727 2772 vacabant
746 2710 903 2771 navalia?
921 2708 1089 2771 Novarum
1110 2709 1210 2784 igitur
1229 2710 1365 2770 navium
1386 2712 1517 2773 carinae

278 2823 354 2882 11111
377 2839 471 2884 mora
493 2826 575 2884 sunt
596 2825 735 2900 positae.
759 2824 907 2886 Vacabat
930 2824 1120 2885 aerarium?
1139 2825 1184 2884 At
1203 2825 1352 2884 sanctius
1372 2825 1519 2884 restabat

279 2936 449 2997 aerarium
473 2936 569 3015 illud,
594 2937 680 3012 quod
705 2937 738 2998 in
762 2937 902 2999 ultimos
925 2951 1024 2999 casus
1046 2939 1242 3013 seposuerat
1261 2936 1340 2997 olim
1361 2936 1515 3001 Pericles.

279 3049 403 3110 Mortui
433 3054 527 3111 erant
555 3053 677 3111 nautae
710 3051 955 3111 Athenienses?
988 3050 1074 3125 Ergo
1102 3050 1159 3111 alii
1189 3052 1270 3110 sunt
1301 3051 1453 3111 conducti
1484 3054 1517 3113 11

279 3163 468 3224 exercitati.
496 3163 668 3225 Deceleam
692 3179 792 3239 prope
815 3163 855 3225 ab
878 3164 1018 3224 Athenis
1042 3164 1197 3224 dissitam
1221 3164 1336 3224 hostes
1358 3164 1518 3225 tenebant

280 3276 548 3339 communitam?
580 3276 717 3339 (lautius
746 3279 848 3354 igitur
877 3292 978 3352 quam
1001 3278 1164 3338 hactenus
1185 3276 1275 3336 cives
1298 3291 1414 3338 muros
1437 3293 1518 3338 suos

280 3390 482 3452 custodituri
512 3393 622 3467 erant,
654 3406 719 3453 non
744 3393 870 3452 cessuri
893 3391 1028 3451 etiamsi
1051 3392 1256 3450 castrensem
1280 3390 1390 3464 potius
1414 3392 1518 3451 vitam

279 3518 383 3576 quam
414 3503 577 3567 urbanam
608 3505 728 3566 exinde
753 3507 868 3567 essent
891 3504 1022 3565 victuri.
1047 3503 1197 3564 Plurima
1220 3504 1261 3563 ad
1286 3504 1418 3564 hostem
1442 3505 1517 3565 vici·

279 3631 364 3676 num
395 3617 614 3693 confugerunt
643 3618 835 3694 mancipia?
864 3618 910 3677 llo
941 3618 1051 3678 minor
1082 3616 1146 3676 1111
1177 3616 1350 3677 hominum
1375 3619 1517 3679 nutrien-

280 3731 402 3791 dorum
432 3730 623 3808 multitudo,
648 3732 679 3791 si
701 3730 869 3792 obsidione
892 3730 970 3790 urbs
992 3730 1228 3791 includeretur.
1251 3729 1378 3790 Deiecit
1402 3729 1519 3809 chius,

279 3857 385 3916 quam
415 3842 572 3904 ultimam
603 3857 709 3918 aequo
738 3843 869 3905 loedere
899 3843 963 3903 sibi
985 3844 1136 3904 iunctam
1160 3842 1311 3903 Athenae
1335 3844 1521 3905 habuerant

280 3956 479 4017 civitatem?
508 3956 663 4017 Defecere
693 3956 820 4017 Lesbus
852 3960 885 4017 11
911 3957 1048 4017 Rhodus
1072 3960 1106 4016 et
1129 3970 1205 4016 orae
1228 3956 1374 4016 Asianae
1398 3956 1521 4017 urbes?

280 4072 327 4131 At
352 4070 488 4131 stabant
511 4070 613 4131 ctiam
638 4072 770 4131 moenia
792 4071 1017 4146 Athenarum,
1044 4072 1078 4130 et
1101 4069 1230 4130 civibus
1254 4067 1392 4129 tirmiter
1411 4070 1523 4130 stabat

280 4183 477 4261 consilium,
510 4185 540 4244 11
574 4185 787 4245 amitteretur
822 4185 925 4245 etiam
961 4199 1045 4257 quae
1080 4183 1301 4245 deiectionem
1332 4183 1521 4245 minabatur

279 4298 430 4375 Euboea,
455 4312 548 4359 mare
572 4300 659 4359 certe
681 4299 897 4373 pertinaciter
920 4296 984 4357 sibi
1007 4297 1207 4358 vindicandi.

329 4412 421 4472 Haec
454 4427 551 4472 mens
584 4412 647 4472 tuit
681 4411 955 4488 Atheniensibus
995 4445 1036 4456 —
1073 4413 1107 4471 at
1138 4426 1202 4471 non
1233 4410 1402 4471 omnibusl
1434 4410 1518 4469 Nam

281 4526 382 4587 erant
412 4526 529 4602 etiam,
561 4528 673 4587 eranti
704 4525 823 4599 quibus
853 4540 961 4600 neque
991 4525 1095 4585 maris
1123 4525 1204 4585 iilud
1236 4523 1408 4585 arbitrium
1433 4522 1521 4583 cordi

319 4778 342 4840 ¹)
358 4781 428 4830 Nub.
447 4783 505 4831 581.
