4067 5950
556 767 574 830 2
1073 788 1114 834 na
1138 789 1262 834 Porrus

553 962 706 1023 Graecia:
738 964 842 1037 rogari
873 966 968 1025 erant
999 965 1093 1025 Medi.
1125 964 1318 1025 Miraculum
1349 965 1381 1025 id
1413 967 1448 1026 et
1477 965 1560 1041 ipsis
1586 965 1784 1041 aequalibus

554 1081 588 1140 et
619 1078 736 1138 horum
764 1077 848 1153 proli
870 1077 1053 1151 videbatur,
1079 1080 1225 1153 gentem,
1249 1093 1349 1153 quam
1372 1078 1462 1138 intra
1484 1077 1673 1139 artissimos
1694 1077 1784 1139 flues

554 1195 673 1252 natura
690 1189 904 1266 cohibuisset,
924 1206 1031 1264 neque
1043 1191 1161 1266 opibus
1171 1206 1277 1266 neque
1297 1207 1434 1252 numero
1453 1192 1578 1253 civium
1597 1191 1781 1268 insignem,

555 1321 632 1367 cum
662 1304 781 1380 populo
817 1304 942 1379 ingenti
976 1306 1010 1364 et
1039 1305 1274 1380 potentissimo
1306 1339 1346 1348 —
1377 1306 1482 1366 immo
1516 1319 1591 1366 cum
1626 1305 1783 1380 plurimis

554 1419 683 1494 populis
703 1419 760 1479 uni
780 1419 848 1493 regi
867 1418 1091 1481 servientibus
1112 1421 1204 1479 -et
1222 1433 1369 1494 pugnare
1388 1419 1536 1494 potuisse
1555 1421 1588 1478 et
1608 1419 1780 1480 victricem

554 1549 571 1594 e
591 1547 701 1610 pugna
723 1533 872 1593 evadere.
897 1531 1073 1592 Herculem
1097 1531 1260 1592 Graecum
1284 1531 1389 1606 hydra
1408 1530 1585 1607 multiceps
1604 1532 1782 1606 complecti

553 1647 679 1708 frustra
695 1648 766 1706 erat
783 1646 913 1719 conata;
934 1645 1058 1706 Graeca
1074 1645 1214 1705 numina
1230 1646 1354 1708 terram
1374 1659 1471 1705 suam
1488 1659 1553 1705 non
1565 1635 1783 1720 prodiderant

554 1760 772 1838 praedonibus
791 1758 942 1820 Asianis:
963 1760 1035 1834 ipsa
1053 1758 1163 1819 Pallas
1182 1759 1215 1817 io
1236 1774 1293 1818 eos
1308 1759 1440 1820 hastam
1452 1758 1591 1820 librarat
1602 1759 1779 1833 invictam,

554 1877 623 1937 Pan
646 1873 814 1936 dementia
837 1888 894 1934 eos
917 1873 1114 1948 perculerat,
1138 1872 1294 1933 Echetlus
1326 1875 1434 1933 rotato
1457 1888 1592 1933 vomere
1613 1874 1783 1932 straverat

555 1991 642 2051 acies
672 1989 845 2048 irruentes.
881 1987 978 2046 'Pales
1014 2002 1071 2047 eos
1105 1987 1326 2047 ostendebant
1359 1987 1536 2059 imagines,
1571 1999 1654 2060 quas
1687 1986 1782 2061 pingi

554 2104 720 2164 iusserant
751 2101 840 2161 cives
871 2103 1004 2175 gratum
1034 2101 1184 2160 animum
1214 2098 1457 2175 significantes;
1484 2100 1518 2158 in
1549 2099 1628 2159 Stoa
1651 2099 1783 2160 Poecile

553 2215 819 2291 adspiciehantur
850 2215 902 2274 dei
932 2216 967 2273 et
997 2213 1113 2274 heroes
1135 2215 1230 2273 iuxta
1252 2215 1376 2274 civium
1402 2212 1655 2272 Atheniensium
1679 2212 1784 2273 duces

552 2344 609 2405 pro
628 2330 739 2405 patria
757 2329 945 2404 pugnantes
963 2322 999 2402 ¹),
1024 2330 1058 2388 et
1076 2328 1110 2386 in
1129 2328 1207 2388 lano
1229 2327 1385 2402 Delphico
1405 2343 1489 2402 opus
1507 2327 1643 2388 Phidiae
1667 2328 1784 2388 Miner·

552 2458 629 2504 vam
651 2445 685 2504 et
705 2441 891 2519 Apollinem
911 2441 1107 2503 ostendebat
1123 2441 1331 2515 gratulantes
1348 2440 1486 2501 Miltiadi
1499 2441 1617 2502 victori
1634 2441 1785 2502 adstanti

553 2557 638 2619 inter
669 2557 800 2618 Atticos
830 2557 947 2617 heroes
977 2555 1167 2630 priscosque
1199 2569 1292 2630 reges
1311 2548 1343 2625 ²).
1375 2555 1446 2615 Non
1476 2554 1649 2615 hominum
1673 2553 1782 2615 luerat

552 2671 676 2732 bellum
694 2669 790 2745 illud,
812 2685 854 2730 ex
873 2684 936 2743 quo
956 2669 1100 2729 victores
1118 2670 1294 2730 evaserant
1315 2667 1470 2729 Miltiadis
1482 2667 1782 2740 Themistoclisque

553 2784 720 2860 aequales,
741 2784 799 2844 sed
818 2798 898 2844 vera
916 2783 1187 2857 gigantomachia
1205 2783 1367 2858 dignaque
1386 2797 1470 2857 quae
1489 2797 1551 2843 acu
1569 2782 1658 2856 picta
1669 2783 1778 2842 osten·
1844 2758 1849 2780 ⁸

552 2898 685 2958 deretur
714 2897 748 2956 in
771 2895 917 2970 Virginis
947 2895 1164 2956 Atheniensis
1193 2895 1292 2971 pallio
1308 2890 1346 2971 ⁸),
1377 2895 1478 2970 digna
1501 2895 1595 2955 cuius
1617 2895 1780 2956 memorie

551 3012 584 3072 in
614 3010 746 3071 theatro
775 3010 872 3070 lestis
902 3009 1016 3071 diebus
1047 3010 1175 3085 publice
1206 3009 1436 3101 celebraretur,
1468 3013 1583 3085 utpote
1605 3012 1777 3072 vetustum

550 3123 630 3185 illud
649 3123 774 3185 bellum
798 3123 992 3185 Thebanum
1017 3122 1069 3185 vel
1093 3124 1270 3184 Troianum
1299 3124 1463 3198 gravitate
1485 3124 1583 3199 longe
1605 3137 1778 3199 superans.

549 3237 730 3298 Innumero
754 3237 888 3313 agmina
911 3236 1057 3297 militum
1080 3237 1291 3298 orientalium
1316 3253 1336 3297 a
1359 3238 1421 3298 diis
1445 3237 1608 3313 Olympiis
1626 3240 1660 3299 in
1680 3237 1776 3299 Grae·

550 3351 636 3412 ciam
660 3353 756 3413 erant
778 3350 919 3412 deducta
942 3353 980 3412 ut
1002 3353 1132 3425 strages
1155 3366 1269 3412 eorum
1292 3352 1337 3411 ibi
1360 3350 1468 3428 fleret,
1492 3354 1530 3413 ut
1546 3353 1655 3414 solum
1675 3353 1777 3411 nimis

548 3468 647 3525 tenue
678 3467 839 3541 sanguine
863 3481 975 3527 eorum
998 3466 1243 3542 pinguesceret,
1268 3469 1305 3527 ut
1327 3466 1500 3528 ruderibus
1523 3467 1779 3543 corporibusque

549 3581 801 3641 consererentur
831 3580 981 3656 Sepiadis
1012 3578 1221 3654 (loliadisque
1252 3579 1376 3641 littora.
1405 3579 1626 3642 Barbarorum
1656 3580 1777 3641 fluctus

547 3695 740 3754 aestuantes
782 3708 859 3754 cum
893 3694 1102 3754 Athenarum
1136 3694 1268 3754 moenia
1302 3693 1411 3769 lignea
1445 3694 1706 3771 percussissent,
1742 3695 1775 3753 in

547 3820 701 3880 spumam
725 3806 903 3867 innocuam
928 3805 1046 3882 dilapsi
1065 3810 1278 3868 evanuerant.
1302 3808 1401 3868 Asiae
1423 3806 1479 3867 ille
1500 3808 1669 3883 dominus,
1689 3809 1776 3869 intra

545 3918 702 3978 immensi
731 3919 861 3995 imperii
895 3918 978 3980 fines
1007 3920 1099 3981 solus
1132 3921 1214 3983 liber
1248 3921 1414 3995 morisque
1449 3922 1557 3982 servis
1590 3922 1774 4000 imperans,

545 4032 601 4105 qui
632 4031 722 4094 sicco
752 4034 833 4109 pede
861 4034 1092 4108 transgressus
1124 4037 1196 4096 erat
1226 4034 1332 4094 maria
1364 4036 1398 4095 et
1427 4050 1485 4110 per
1508 4035 1673 4095 montium
1697 4035 1775 4111 iuga

546 4144 690 4206 classem
714 4146 959 4223 transmiserat,
985 4162 1063 4207 cum
1087 4146 1210 4207 solium
1234 4162 1370 4208 aureum
1395 4148 1428 4207 in
1448 4146 1561 4209 littore
1581 4147 1776 4209 collocasset

546 4259 673 4335 Attico,
697 4275 740 4321 ex
762 4259 840 4319 sede
862 4260 1008 4335 gemmis
1033 4275 1169 4321 corusca
1192 4262 1402 4335 spectaverat
1421 4275 1524 4321 naves
1544 4276 1624 4321 suas
1644 4276 1774 4322 mersas

547 4376 581 4432 et
600 4372 725 4433 milites
744 4372 777 4432 in
792 4372 947 4433 fiuctibus
966 4375 1101 4434 necatos
1120 4388 1179 4434 ceu
1198 4374 1344 4449 thynnos
1363 4375 1491 4436 retibus
1514 4376 1772 4436 circumventos.

580 4686 600 4749 ¹)
617 4692 728 4737 Pausan.
746 4690 759 4737 1
778 4691 809 4737 15
828 4693 854 4737 et
872 4691 912 4747 31,
929 4690 951 4739 V
969 4692 1009 4738 11.

578 4766 599 4828 ²)
617 4770 719 4817 Pausan
736 4770 758 4816 X
776 4770 816 4817 10.

578 4845 597 4908 'l
614 4850 656 4896 Ar.
674 4849 721 4909 aq.
740 4849 797 4896 1166.
